%YAML 1.1
%TAG !u! tag:unity3d.com,2011:
--- !u!29 &1
OcclusionCullingSettings:
  m_ObjectHideFlags: 0
  serializedVersion: 2
  m_OcclusionBakeSettings:
    smallestOccluder: 5
    smallestHole: 0.25
    backfaceThreshold: 100
  m_SceneGUID: 00000000000000000000000000000000
  m_OcclusionCullingData: {fileID: 0}
--- !u!104 &2
RenderSettings:
  m_ObjectHideFlags: 0
  serializedVersion: 9
  m_Fog: 0
  m_FogColor: {r: 0.5, g: 0.5, b: 0.5, a: 1}
  m_FogMode: 3
  m_FogDensity: 0.01
  m_LinearFogStart: 0
  m_LinearFogEnd: 300
  m_AmbientSkyColor: {r: 0.212, g: 0.227, b: 0.259, a: 1}
  m_AmbientEquatorColor: {r: 0.114, g: 0.125, b: 0.133, a: 1}
  m_AmbientGroundColor: {r: 0.047, g: 0.043, b: 0.035, a: 1}
  m_AmbientIntensity: 1
  m_AmbientMode: 0
  m_SubtractiveShadowColor: {r: 0.42, g: 0.478, b: 0.627, a: 1}
  m_SkyboxMaterial: {fileID: 2100000, guid: 2bd8959f5fbd3644aa33af1a155fc147, type: 2}
  m_HaloStrength: 0.5
  m_FlareStrength: 1
  m_FlareFadeSpeed: 3
  m_HaloTexture: {fileID: 0}
  m_SpotCookie: {fileID: 10001, guid: 0000000000000000e000000000000000, type: 0}
  m_DefaultReflectionMode: 0
  m_DefaultReflectionResolution: 128
  m_ReflectionBounces: 1
  m_ReflectionIntensity: 1
  m_CustomReflection: {fileID: 0}
  m_Sun: {fileID: 0}
  m_IndirectSpecularColor: {r: 0.352909, g: 0.5736654, b: 0.86865956, a: 1}
  m_UseRadianceAmbientProbe: 0
--- !u!157 &3
LightmapSettings:
  m_ObjectHideFlags: 0
  serializedVersion: 11
  m_GIWorkflowMode: 0
  m_GISettings:
    serializedVersion: 2
    m_BounceScale: 1
    m_IndirectOutputScale: 1
    m_AlbedoBoost: 1
    m_TemporalCoherenceThreshold: 1
    m_EnvironmentLightingMode: 0
    m_EnableBakedLightmaps: 1
    m_EnableRealtimeLightmaps: 1
  m_LightmapEditorSettings:
    serializedVersion: 10
    m_Resolution: 2
    m_BakeResolution: 40
    m_AtlasSize: 1024
    m_AO: 0
    m_AOMaxDistance: 1
    m_CompAOExponent: 1
    m_CompAOExponentDirect: 0
    m_Padding: 2
    m_LightmapParameters: {fileID: 0}
    m_LightmapsBakeMode: 1
    m_TextureCompression: 1
    m_FinalGather: 0
    m_FinalGatherFiltering: 1
    m_FinalGatherRayCount: 256
    m_ReflectionCompression: 2
    m_MixedBakeMode: 2
    m_BakeBackend: 1
    m_PVRSampling: 1
    m_PVRDirectSampleCount: 32
    m_PVRSampleCount: 500
    m_PVRBounces: 2
    m_PVRFilterTypeDirect: 0
    m_PVRFilterTypeIndirect: 0
    m_PVRFilterTypeAO: 0
    m_PVRFilteringMode: 1
    m_PVRCulling: 1
    m_PVRFilteringGaussRadiusDirect: 1
    m_PVRFilteringGaussRadiusIndirect: 5
    m_PVRFilteringGaussRadiusAO: 2
    m_PVRFilteringAtrousPositionSigmaDirect: 0.5
    m_PVRFilteringAtrousPositionSigmaIndirect: 2
    m_PVRFilteringAtrousPositionSigmaAO: 1
    m_ShowResolutionOverlay: 1
  m_LightingDataAsset: {fileID: 0}
  m_UseShadowmask: 1
--- !u!196 &4
NavMeshSettings:
  serializedVersion: 2
  m_ObjectHideFlags: 0
  m_BuildSettings:
    serializedVersion: 2
    agentTypeID: 0
    agentRadius: 0.5
    agentHeight: 2
    agentSlope: 45
    agentClimb: 0.4
    ledgeDropHeight: 0
    maxJumpAcrossDistance: 0
    minRegionArea: 2
    manualCellSize: 0
    cellSize: 0.16666667
    manualTileSize: 0
    tileSize: 256
    accuratePlacement: 0
    debug:
      m_Flags: 0
  m_NavMeshData: {fileID: 0}
--- !u!1001 &13477648
Prefab:
  m_ObjectHideFlags: 0
  serializedVersion: 2
  m_Modification:
    m_TransformParent: {fileID: 558801221}
    m_Modifications:
    - target: {fileID: 4000010706693742, guid: 05262e1cb6621c84f8f31dd5b4799010, type: 2}
      propertyPath: m_LocalPosition.x
      value: -0.749
      objectReference: {fileID: 0}
    - target: {fileID: 4000010706693742, guid: 05262e1cb6621c84f8f31dd5b4799010, type: 2}
      propertyPath: m_LocalPosition.y
      value: -5.385999
      objectReference: {fileID: 0}
    - target: {fileID: 4000010706693742, guid: 05262e1cb6621c84f8f31dd5b4799010, type: 2}
      propertyPath: m_LocalPosition.z
      value: 0.05499935
      objectReference: {fileID: 0}
    - target: {fileID: 4000010706693742, guid: 05262e1cb6621c84f8f31dd5b4799010, type: 2}
      propertyPath: m_LocalRotation.x
      value: -0
      objectReference: {fileID: 0}
    - target: {fileID: 4000010706693742, guid: 05262e1cb6621c84f8f31dd5b4799010, type: 2}
      propertyPath: m_LocalRotation.y
      value: -0
      objectReference: {fileID: 0}
    - target: {fileID: 4000010706693742, guid: 05262e1cb6621c84f8f31dd5b4799010, type: 2}
      propertyPath: m_LocalRotation.z
      value: -0
      objectReference: {fileID: 0}
    - target: {fileID: 4000010706693742, guid: 05262e1cb6621c84f8f31dd5b4799010, type: 2}
      propertyPath: m_LocalRotation.w
      value: 1
      objectReference: {fileID: 0}
    - target: {fileID: 4000010706693742, guid: 05262e1cb6621c84f8f31dd5b4799010, type: 2}
      propertyPath: m_RootOrder
      value: 6
      objectReference: {fileID: 0}
    - target: {fileID: 4000010706693742, guid: 05262e1cb6621c84f8f31dd5b4799010, type: 2}
      propertyPath: m_LocalScale.x
      value: 0.3
      objectReference: {fileID: 0}
    - target: {fileID: 4000010706693742, guid: 05262e1cb6621c84f8f31dd5b4799010, type: 2}
      propertyPath: m_LocalScale.y
      value: 0.2999999
      objectReference: {fileID: 0}
    - target: {fileID: 4000010706693742, guid: 05262e1cb6621c84f8f31dd5b4799010, type: 2}
      propertyPath: m_LocalScale.z
      value: 0.2999999
      objectReference: {fileID: 0}
    - target: {fileID: 1000013743448318, guid: 05262e1cb6621c84f8f31dd5b4799010, type: 2}
      propertyPath: m_Name
      value: Crate (2)
      objectReference: {fileID: 0}
    m_RemovedComponents: []
  m_SourcePrefab: {fileID: 100100000, guid: 05262e1cb6621c84f8f31dd5b4799010, type: 2}
  m_IsPrefabAsset: 0
--- !u!4 &68258587 stripped
Transform:
  m_CorrespondingSourceObject: {fileID: 4000010706693742, guid: 05262e1cb6621c84f8f31dd5b4799010,
    type: 2}
  m_PrefabInternal: {fileID: 13477648}
--- !u!4 &73202606 stripped
Transform:
  m_CorrespondingSourceObject: {fileID: 4639806318542252, guid: 58a0ae335a39245fbb0021a9e9e7eae2,
    type: 2}
  m_PrefabInternal: {fileID: 1093223823}
--- !u!1001 &79267210
Prefab:
  m_ObjectHideFlags: 0
  serializedVersion: 2
  m_Modification:
    m_TransformParent: {fileID: 558801221}
    m_Modifications:
    - target: {fileID: 4000010544313584, guid: 36e52bed9a7cf6a4d83fb7667bb2b1a8, type: 2}
      propertyPath: m_LocalPosition.x
      value: -1.47
      objectReference: {fileID: 0}
    - target: {fileID: 4000010544313584, guid: 36e52bed9a7cf6a4d83fb7667bb2b1a8, type: 2}
      propertyPath: m_LocalPosition.y
      value: -1.1299998
      objectReference: {fileID: 0}
    - target: {fileID: 4000010544313584, guid: 36e52bed9a7cf6a4d83fb7667bb2b1a8, type: 2}
      propertyPath: m_LocalPosition.z
      value: -0
      objectReference: {fileID: 0}
    - target: {fileID: 4000010544313584, guid: 36e52bed9a7cf6a4d83fb7667bb2b1a8, type: 2}
      propertyPath: m_LocalRotation.x
      value: 0.000000089406974
      objectReference: {fileID: 0}
    - target: {fileID: 4000010544313584, guid: 36e52bed9a7cf6a4d83fb7667bb2b1a8, type: 2}
      propertyPath: m_LocalRotation.y
      value: -0.000000029802326
      objectReference: {fileID: 0}
    - target: {fileID: 4000010544313584, guid: 36e52bed9a7cf6a4d83fb7667bb2b1a8, type: 2}
      propertyPath: m_LocalRotation.z
      value: 0.35938022
      objectReference: {fileID: 0}
    - target: {fileID: 4000010544313584, guid: 36e52bed9a7cf6a4d83fb7667bb2b1a8, type: 2}
      propertyPath: m_LocalRotation.w
      value: 0.93319124
      objectReference: {fileID: 0}
    - target: {fileID: 4000010544313584, guid: 36e52bed9a7cf6a4d83fb7667bb2b1a8, type: 2}
      propertyPath: m_RootOrder
      value: 3
      objectReference: {fileID: 0}
    - target: {fileID: 4000010544313584, guid: 36e52bed9a7cf6a4d83fb7667bb2b1a8, type: 2}
      propertyPath: m_LocalScale.x
      value: 1
      objectReference: {fileID: 0}
    - target: {fileID: 4000010544313584, guid: 36e52bed9a7cf6a4d83fb7667bb2b1a8, type: 2}
      propertyPath: m_LocalScale.y
      value: 1
      objectReference: {fileID: 0}
    - target: {fileID: 4000010544313584, guid: 36e52bed9a7cf6a4d83fb7667bb2b1a8, type: 2}
      propertyPath: m_LocalScale.z
      value: 1
      objectReference: {fileID: 0}
    - target: {fileID: 1000010135718398, guid: 36e52bed9a7cf6a4d83fb7667bb2b1a8, type: 2}
      propertyPath: m_Name
      value: box (2)
      objectReference: {fileID: 0}
    - target: {fileID: 4000010544313584, guid: 36e52bed9a7cf6a4d83fb7667bb2b1a8, type: 2}
      propertyPath: m_LocalEulerAnglesHint.x
      value: -90.00001
      objectReference: {fileID: 0}
    - target: {fileID: 4000010544313584, guid: 36e52bed9a7cf6a4d83fb7667bb2b1a8, type: 2}
      propertyPath: m_LocalEulerAnglesHint.z
      value: 42.124
      objectReference: {fileID: 0}
    m_RemovedComponents: []
  m_SourcePrefab: {fileID: 100100000, guid: 36e52bed9a7cf6a4d83fb7667bb2b1a8, type: 2}
  m_IsPrefabAsset: 0
--- !u!4 &97006689 stripped
Transform:
  m_CorrespondingSourceObject: {fileID: 4000010706693742, guid: 05262e1cb6621c84f8f31dd5b4799010,
    type: 2}
  m_PrefabInternal: {fileID: 623157151}
--- !u!1 &129728480
GameObject:
  m_ObjectHideFlags: 0
  m_CorrespondingSourceObject: {fileID: 0}
  m_PrefabInternal: {fileID: 0}
  serializedVersion: 6
  m_Component:
  - component: {fileID: 129728481}
  m_Layer: 0
  m_Name: '--------- VR ---------'
  m_TagString: Untagged
  m_Icon: {fileID: 0}
  m_NavMeshLayer: 0
  m_StaticEditorFlags: 0
  m_IsActive: 1
--- !u!4 &129728481
Transform:
  m_ObjectHideFlags: 0
  m_CorrespondingSourceObject: {fileID: 0}
  m_PrefabInternal: {fileID: 0}
  m_GameObject: {fileID: 129728480}
  m_LocalRotation: {x: 0, y: 0, z: 0, w: 1}
  m_LocalPosition: {x: 0, y: 0, z: 0}
  m_LocalScale: {x: 1, y: 1, z: 1}
  m_Children: []
  m_Father: {fileID: 0}
  m_RootOrder: 13
  m_LocalEulerAnglesHint: {x: 0, y: 0, z: 0}
--- !u!1 &131432209
GameObject:
  m_ObjectHideFlags: 0
  m_CorrespondingSourceObject: {fileID: 1493950820480560, guid: 58a0ae335a39245fbb0021a9e9e7eae2,
    type: 2}
  m_PrefabInternal: {fileID: 0}
  serializedVersion: 6
  m_Component:
  - component: {fileID: 131432210}
  - component: {fileID: 131432212}
  - component: {fileID: 131432211}
  m_Layer: 0
  m_Name: Grass_1_2 (1)
  m_TagString: Untagged
  m_Icon: {fileID: 0}
  m_NavMeshLayer: 0
  m_StaticEditorFlags: 0
  m_IsActive: 1
--- !u!4 &131432210
Transform:
  m_ObjectHideFlags: 0
  m_CorrespondingSourceObject: {fileID: 4532131204785824, guid: 58a0ae335a39245fbb0021a9e9e7eae2,
    type: 2}
  m_PrefabInternal: {fileID: 0}
  m_GameObject: {fileID: 131432209}
  m_LocalRotation: {x: -0, y: -0, z: -0, w: 1}
  m_LocalPosition: {x: -6.33, y: 0, z: -5.34}
  m_LocalScale: {x: 0.99999994, y: 0.99999994, z: 0.99999994}
  m_Children: []
  m_Father: {fileID: 1423802306}
  m_RootOrder: 18
  m_LocalEulerAnglesHint: {x: 0, y: 0, z: 0}
--- !u!23 &131432211
MeshRenderer:
  m_ObjectHideFlags: 0
  m_CorrespondingSourceObject: {fileID: 23092356662413126, guid: 58a0ae335a39245fbb0021a9e9e7eae2,
    type: 2}
  m_PrefabInternal: {fileID: 0}
  m_GameObject: {fileID: 131432209}
  m_Enabled: 1
  m_CastShadows: 1
  m_ReceiveShadows: 1
  m_DynamicOccludee: 1
  m_MotionVectors: 1
  m_LightProbeUsage: 1
  m_ReflectionProbeUsage: 1
  m_RenderingLayerMask: 4294967295
  m_Materials:
  - {fileID: 2100004, guid: 2072bd79c1ae41441b0d087f04e9ec49, type: 3}
  - {fileID: 2100006, guid: 2072bd79c1ae41441b0d087f04e9ec49, type: 3}
  m_StaticBatchInfo:
    firstSubMesh: 0
    subMeshCount: 0
  m_StaticBatchRoot: {fileID: 0}
  m_ProbeAnchor: {fileID: 0}
  m_LightProbeVolumeOverride: {fileID: 0}
  m_ScaleInLightmap: 1
  m_PreserveUVs: 0
  m_IgnoreNormalsForChartDetection: 0
  m_ImportantGI: 0
  m_StitchLightmapSeams: 0
  m_SelectedEditorRenderState: 3
  m_MinimumChartSize: 4
  m_AutoUVMaxDistance: 0.5
  m_AutoUVMaxAngle: 89
  m_LightmapParameters: {fileID: 0}
  m_SortingLayerID: 0
  m_SortingLayer: 0
  m_SortingOrder: 0
--- !u!33 &131432212
MeshFilter:
  m_ObjectHideFlags: 0
  m_CorrespondingSourceObject: {fileID: 33788845736939432, guid: 58a0ae335a39245fbb0021a9e9e7eae2,
    type: 2}
  m_PrefabInternal: {fileID: 0}
  m_GameObject: {fileID: 131432209}
  m_Mesh: {fileID: 4300020, guid: 2072bd79c1ae41441b0d087f04e9ec49, type: 3}
--- !u!4 &134410120 stripped
Transform:
  m_CorrespondingSourceObject: {fileID: 4000010544313584, guid: 36e52bed9a7cf6a4d83fb7667bb2b1a8,
    type: 2}
  m_PrefabInternal: {fileID: 1011661833}
--- !u!1 &245489610
GameObject:
  m_ObjectHideFlags: 0
  m_CorrespondingSourceObject: {fileID: 0}
  m_PrefabInternal: {fileID: 0}
  serializedVersion: 6
  m_Component:
  - component: {fileID: 245489611}
  m_Layer: 0
  m_Name: '--------- Spawner ---------'
  m_TagString: Untagged
  m_Icon: {fileID: 0}
  m_NavMeshLayer: 0
  m_StaticEditorFlags: 0
  m_IsActive: 1
--- !u!4 &245489611
Transform:
  m_ObjectHideFlags: 0
  m_CorrespondingSourceObject: {fileID: 0}
  m_PrefabInternal: {fileID: 0}
  m_GameObject: {fileID: 245489610}
  m_LocalRotation: {x: 0, y: 0, z: 0, w: 1}
  m_LocalPosition: {x: 0, y: 0, z: 0}
  m_LocalScale: {x: 1, y: 1, z: 1}
  m_Children: []
  m_Father: {fileID: 0}
  m_RootOrder: 15
  m_LocalEulerAnglesHint: {x: 0, y: 0, z: 0}
--- !u!1001 &264219381
Prefab:
  m_ObjectHideFlags: 0
  serializedVersion: 2
  m_Modification:
    m_TransformParent: {fileID: 0}
    m_Modifications:
    - target: {fileID: 400010, guid: a28068c718c3c144c90420aa97cf5f61, type: 3}
      propertyPath: m_LocalPosition.x
      value: -0
      objectReference: {fileID: 0}
    - target: {fileID: 400010, guid: a28068c718c3c144c90420aa97cf5f61, type: 3}
      propertyPath: m_LocalPosition.y
      value: 0
      objectReference: {fileID: 0}
    - target: {fileID: 400010, guid: a28068c718c3c144c90420aa97cf5f61, type: 3}
      propertyPath: m_LocalPosition.z
      value: -0.1
      objectReference: {fileID: 0}
    - target: {fileID: 400010, guid: a28068c718c3c144c90420aa97cf5f61, type: 3}
      propertyPath: m_LocalRotation.x
      value: -0.5
      objectReference: {fileID: 0}
    - target: {fileID: 400010, guid: a28068c718c3c144c90420aa97cf5f61, type: 3}
      propertyPath: m_LocalRotation.y
      value: 0.5
      objectReference: {fileID: 0}
    - target: {fileID: 400010, guid: a28068c718c3c144c90420aa97cf5f61, type: 3}
      propertyPath: m_LocalRotation.z
      value: 0.5
      objectReference: {fileID: 0}
    - target: {fileID: 400010, guid: a28068c718c3c144c90420aa97cf5f61, type: 3}
      propertyPath: m_LocalRotation.w
      value: 0.5
      objectReference: {fileID: 0}
    - target: {fileID: 400010, guid: a28068c718c3c144c90420aa97cf5f61, type: 3}
      propertyPath: m_RootOrder
      value: 11
      objectReference: {fileID: 0}
    - target: {fileID: 400010, guid: a28068c718c3c144c90420aa97cf5f61, type: 3}
      propertyPath: m_LocalEulerAnglesHint.x
      value: -90
      objectReference: {fileID: 0}
    - target: {fileID: 400010, guid: a28068c718c3c144c90420aa97cf5f61, type: 3}
      propertyPath: m_LocalEulerAnglesHint.y
      value: 90
      objectReference: {fileID: 0}
    - target: {fileID: 400010, guid: a28068c718c3c144c90420aa97cf5f61, type: 3}
      propertyPath: m_LocalScale.x
      value: 100
      objectReference: {fileID: 0}
    - target: {fileID: 400010, guid: a28068c718c3c144c90420aa97cf5f61, type: 3}
      propertyPath: m_LocalScale.y
      value: 50
      objectReference: {fileID: 0}
    - target: {fileID: 400010, guid: a28068c718c3c144c90420aa97cf5f61, type: 3}
      propertyPath: m_LocalScale.z
      value: 68
      objectReference: {fileID: 0}
    - target: {fileID: 100010, guid: a28068c718c3c144c90420aa97cf5f61, type: 3}
      propertyPath: m_Name
      value: WoodTable
      objectReference: {fileID: 0}
    m_RemovedComponents: []
  m_SourcePrefab: {fileID: 100100000, guid: a28068c718c3c144c90420aa97cf5f61, type: 3}
  m_IsPrefabAsset: 0
--- !u!1001 &280696479
Prefab:
  m_ObjectHideFlags: 0
  serializedVersion: 2
  m_Modification:
    m_TransformParent: {fileID: 558801221}
    m_Modifications:
    - target: {fileID: 4000010706693742, guid: 05262e1cb6621c84f8f31dd5b4799010, type: 2}
      propertyPath: m_LocalPosition.x
      value: -0.045824885
      objectReference: {fileID: 0}
    - target: {fileID: 4000010706693742, guid: 05262e1cb6621c84f8f31dd5b4799010, type: 2}
      propertyPath: m_LocalPosition.y
      value: -5.184404
      objectReference: {fileID: 0}
    - target: {fileID: 4000010706693742, guid: 05262e1cb6621c84f8f31dd5b4799010, type: 2}
      propertyPath: m_LocalPosition.z
      value: 0.055
      objectReference: {fileID: 0}
    - target: {fileID: 4000010706693742, guid: 05262e1cb6621c84f8f31dd5b4799010, type: 2}
      propertyPath: m_LocalRotation.x
      value: -0
      objectReference: {fileID: 0}
    - target: {fileID: 4000010706693742, guid: 05262e1cb6621c84f8f31dd5b4799010, type: 2}
      propertyPath: m_LocalRotation.y
      value: -0
      objectReference: {fileID: 0}
    - target: {fileID: 4000010706693742, guid: 05262e1cb6621c84f8f31dd5b4799010, type: 2}
      propertyPath: m_LocalRotation.z
      value: -0
      objectReference: {fileID: 0}
    - target: {fileID: 4000010706693742, guid: 05262e1cb6621c84f8f31dd5b4799010, type: 2}
      propertyPath: m_LocalRotation.w
      value: 1
      objectReference: {fileID: 0}
    - target: {fileID: 4000010706693742, guid: 05262e1cb6621c84f8f31dd5b4799010, type: 2}
      propertyPath: m_RootOrder
      value: 7
      objectReference: {fileID: 0}
    - target: {fileID: 4000010706693742, guid: 05262e1cb6621c84f8f31dd5b4799010, type: 2}
      propertyPath: m_LocalScale.x
      value: 0.3
      objectReference: {fileID: 0}
    - target: {fileID: 4000010706693742, guid: 05262e1cb6621c84f8f31dd5b4799010, type: 2}
      propertyPath: m_LocalScale.y
      value: 0.2999999
      objectReference: {fileID: 0}
    - target: {fileID: 4000010706693742, guid: 05262e1cb6621c84f8f31dd5b4799010, type: 2}
      propertyPath: m_LocalScale.z
      value: 0.2999999
      objectReference: {fileID: 0}
    m_RemovedComponents: []
  m_SourcePrefab: {fileID: 100100000, guid: 05262e1cb6621c84f8f31dd5b4799010, type: 2}
  m_IsPrefabAsset: 0
--- !u!4 &352123485 stripped
Transform:
  m_CorrespondingSourceObject: {fileID: 4000013207057914, guid: 5ba9317adf09ffa4e954285b691b5b9d,
    type: 2}
  m_PrefabInternal: {fileID: 1712283061}
--- !u!1 &356130619
GameObject:
  m_ObjectHideFlags: 0
  m_CorrespondingSourceObject: {fileID: 0}
  m_PrefabInternal: {fileID: 0}
  serializedVersion: 6
  m_Component:
  - component: {fileID: 356130621}
  - component: {fileID: 356130620}
  m_Layer: 0
  m_Name: CubeSpawner
  m_TagString: Untagged
  m_Icon: {fileID: 0}
  m_NavMeshLayer: 0
  m_StaticEditorFlags: 0
  m_IsActive: 1
--- !u!114 &356130620
MonoBehaviour:
  m_ObjectHideFlags: 0
  m_CorrespondingSourceObject: {fileID: 0}
  m_PrefabInternal: {fileID: 0}
  m_GameObject: {fileID: 356130619}
  m_Enabled: 1
  m_EditorHideFlags: 0
  m_Script: {fileID: 11500000, guid: 724e9dd5b31267e4f81118afad59fd71, type: 3}
  m_Name: 
  m_EditorClassIdentifier: 
  _textFontSize: 30
  _initialZ: -0.5
  _spaceBetweenCubes: 0.25
  _initialHeight: 0.6
  _heightDifference: 0.6
--- !u!4 &356130621
Transform:
  m_ObjectHideFlags: 0
  m_CorrespondingSourceObject: {fileID: 0}
  m_PrefabInternal: {fileID: 0}
  m_GameObject: {fileID: 356130619}
  m_LocalRotation: {x: 0, y: 0, z: 0, w: 1}
  m_LocalPosition: {x: 0, y: 0, z: 0}
  m_LocalScale: {x: 1, y: 1, z: 1}
  m_Children: []
  m_Father: {fileID: 0}
  m_RootOrder: 17
  m_LocalEulerAnglesHint: {x: 0, y: 0, z: 0}
--- !u!1 &399140922
GameObject:
  m_ObjectHideFlags: 0
  m_CorrespondingSourceObject: {fileID: 0}
  m_PrefabInternal: {fileID: 0}
  serializedVersion: 6
  m_Component:
  - component: {fileID: 399140923}
  - component: {fileID: 399140925}
  - component: {fileID: 399140924}
  m_Layer: 5
  m_Name: InstructionsText
  m_TagString: Untagged
  m_Icon: {fileID: 0}
  m_NavMeshLayer: 0
  m_StaticEditorFlags: 0
  m_IsActive: 1
--- !u!224 &399140923
RectTransform:
  m_ObjectHideFlags: 0
  m_CorrespondingSourceObject: {fileID: 0}
  m_PrefabInternal: {fileID: 0}
  m_GameObject: {fileID: 399140922}
  m_LocalRotation: {x: -0, y: -0, z: -0, w: 1}
  m_LocalPosition: {x: 0, y: 0, z: 0}
  m_LocalScale: {x: 1.5, y: 1.5, z: 1.5}
  m_Children: []
  m_Father: {fileID: 1496295874}
  m_RootOrder: 0
  m_LocalEulerAnglesHint: {x: 0, y: 0, z: 0}
  m_AnchorMin: {x: 0.5, y: 0.5}
  m_AnchorMax: {x: 0.5, y: 0.5}
  m_AnchoredPosition: {x: 0, y: 0}
  m_SizeDelta: {x: 517, y: 291}
  m_Pivot: {x: 0.5, y: 0.5}
--- !u!114 &399140924
MonoBehaviour:
  m_ObjectHideFlags: 0
  m_CorrespondingSourceObject: {fileID: 0}
  m_PrefabInternal: {fileID: 0}
  m_GameObject: {fileID: 399140922}
  m_Enabled: 1
  m_EditorHideFlags: 0
  m_Script: {fileID: 708705254, guid: f70555f144d8491a825f0804e09c671c, type: 3}
  m_Name: 
  m_EditorClassIdentifier: 
  m_Material: {fileID: 0}
  m_Color: {r: 1, g: 1, b: 1, a: 1}
  m_RaycastTarget: 1
  m_OnCullStateChanged:
    m_PersistentCalls:
      m_Calls: []
    m_TypeName: UnityEngine.UI.MaskableGraphic+CullStateChangedEvent, UnityEngine.UI,
      Version=1.0.0.0, Culture=neutral, PublicKeyToken=null
  m_FontData:
    m_Font: {fileID: 10102, guid: 0000000000000000e000000000000000, type: 0}
    m_FontSize: 100
    m_FontStyle: 0
    m_BestFit: 0
    m_MinSize: 0
    m_MaxSize: 300
    m_Alignment: 4
    m_AlignByGeometry: 0
    m_RichText: 1
    m_HorizontalOverflow: 1
    m_VerticalOverflow: 0
    m_LineSpacing: 1
  m_Text: 
--- !u!222 &399140925
CanvasRenderer:
  m_ObjectHideFlags: 0
  m_CorrespondingSourceObject: {fileID: 0}
  m_PrefabInternal: {fileID: 0}
  m_GameObject: {fileID: 399140922}
  m_CullTransparentMesh: 0
--- !u!1 &519478591
GameObject:
  m_ObjectHideFlags: 0
  m_CorrespondingSourceObject: {fileID: 1725847760332306, guid: 58a0ae335a39245fbb0021a9e9e7eae2,
    type: 2}
  m_PrefabInternal: {fileID: 0}
  serializedVersion: 6
  m_Component:
  - component: {fileID: 519478592}
  - component: {fileID: 519478594}
  - component: {fileID: 519478593}
  m_Layer: 0
  m_Name: Grass_1_2 (1)
  m_TagString: Untagged
  m_Icon: {fileID: 0}
  m_NavMeshLayer: 0
  m_StaticEditorFlags: 0
  m_IsActive: 1
--- !u!4 &519478592
Transform:
  m_ObjectHideFlags: 0
  m_CorrespondingSourceObject: {fileID: 4914671592312196, guid: 58a0ae335a39245fbb0021a9e9e7eae2,
    type: 2}
  m_PrefabInternal: {fileID: 0}
  m_GameObject: {fileID: 519478591}
  m_LocalRotation: {x: -0, y: -0, z: -0, w: 1}
  m_LocalPosition: {x: -14.93, y: 0, z: 0.42}
  m_LocalScale: {x: 0.99999994, y: 0.99999994, z: 0.99999994}
  m_Children: []
  m_Father: {fileID: 1053889453}
  m_RootOrder: 18
  m_LocalEulerAnglesHint: {x: 0, y: 0, z: 0}
--- !u!23 &519478593
MeshRenderer:
  m_ObjectHideFlags: 0
  m_CorrespondingSourceObject: {fileID: 23015825042280236, guid: 58a0ae335a39245fbb0021a9e9e7eae2,
    type: 2}
  m_PrefabInternal: {fileID: 0}
  m_GameObject: {fileID: 519478591}
  m_Enabled: 1
  m_CastShadows: 1
  m_ReceiveShadows: 1
  m_DynamicOccludee: 1
  m_MotionVectors: 1
  m_LightProbeUsage: 1
  m_ReflectionProbeUsage: 1
  m_RenderingLayerMask: 4294967295
  m_Materials:
  - {fileID: 2100004, guid: 2072bd79c1ae41441b0d087f04e9ec49, type: 3}
  - {fileID: 2100006, guid: 2072bd79c1ae41441b0d087f04e9ec49, type: 3}
  m_StaticBatchInfo:
    firstSubMesh: 0
    subMeshCount: 0
  m_StaticBatchRoot: {fileID: 0}
  m_ProbeAnchor: {fileID: 0}
  m_LightProbeVolumeOverride: {fileID: 0}
  m_ScaleInLightmap: 1
  m_PreserveUVs: 0
  m_IgnoreNormalsForChartDetection: 0
  m_ImportantGI: 0
  m_StitchLightmapSeams: 0
  m_SelectedEditorRenderState: 3
  m_MinimumChartSize: 4
  m_AutoUVMaxDistance: 0.5
  m_AutoUVMaxAngle: 89
  m_LightmapParameters: {fileID: 0}
  m_SortingLayerID: 0
  m_SortingLayer: 0
  m_SortingOrder: 0
--- !u!33 &519478594
MeshFilter:
  m_ObjectHideFlags: 0
  m_CorrespondingSourceObject: {fileID: 33515115342075774, guid: 58a0ae335a39245fbb0021a9e9e7eae2,
    type: 2}
  m_PrefabInternal: {fileID: 0}
  m_GameObject: {fileID: 519478591}
  m_Mesh: {fileID: 4300020, guid: 2072bd79c1ae41441b0d087f04e9ec49, type: 3}
--- !u!1 &558801220
GameObject:
  m_ObjectHideFlags: 0
  m_CorrespondingSourceObject: {fileID: 0}
  m_PrefabInternal: {fileID: 0}
  serializedVersion: 6
  m_Component:
  - component: {fileID: 558801221}
  m_Layer: 0
  m_Name: WoodDecorations
  m_TagString: Untagged
  m_Icon: {fileID: 0}
  m_NavMeshLayer: 0
  m_StaticEditorFlags: 0
  m_IsActive: 1
--- !u!4 &558801221
Transform:
  m_ObjectHideFlags: 0
  m_CorrespondingSourceObject: {fileID: 0}
  m_PrefabInternal: {fileID: 0}
  m_GameObject: {fileID: 558801220}
  m_LocalRotation: {x: -0.7071068, y: -0, z: -0, w: 0.7071067}
  m_LocalPosition: {x: 1.64, y: 0.153, z: -3.31}
  m_LocalScale: {x: 1, y: 1, z: 1}
  m_Children:
  - {fileID: 134410120}
  - {fileID: 352123485}
  - {fileID: 2056485525}
  - {fileID: 1918006944}
  - {fileID: 1364783389}
  - {fileID: 97006689}
  - {fileID: 68258587}
  - {fileID: 1770607645}
  m_Father: {fileID: 0}
  m_RootOrder: 9
  m_LocalEulerAnglesHint: {x: 0, y: 0, z: 0}
--- !u!1001 &623157151
Prefab:
  m_ObjectHideFlags: 0
  serializedVersion: 2
  m_Modification:
    m_TransformParent: {fileID: 558801221}
    m_Modifications:
    - target: {fileID: 4000010706693742, guid: 05262e1cb6621c84f8f31dd5b4799010, type: 2}
      propertyPath: m_LocalPosition.x
      value: -0.045824885
      objectReference: {fileID: 0}
    - target: {fileID: 4000010706693742, guid: 05262e1cb6621c84f8f31dd5b4799010, type: 2}
      propertyPath: m_LocalPosition.y
      value: -5.184404
      objectReference: {fileID: 0}
    - target: {fileID: 4000010706693742, guid: 05262e1cb6621c84f8f31dd5b4799010, type: 2}
      propertyPath: m_LocalPosition.z
      value: 0.5
      objectReference: {fileID: 0}
    - target: {fileID: 4000010706693742, guid: 05262e1cb6621c84f8f31dd5b4799010, type: 2}
      propertyPath: m_LocalRotation.x
      value: 0.0001717508
      objectReference: {fileID: 0}
    - target: {fileID: 4000010706693742, guid: 05262e1cb6621c84f8f31dd5b4799010, type: 2}
      propertyPath: m_LocalRotation.y
      value: 0.000031486157
      objectReference: {fileID: 0}
    - target: {fileID: 4000010706693742, guid: 05262e1cb6621c84f8f31dd5b4799010, type: 2}
      propertyPath: m_LocalRotation.z
      value: 0.18051912
      objectReference: {fileID: 0}
    - target: {fileID: 4000010706693742, guid: 05262e1cb6621c84f8f31dd5b4799010, type: 2}
      propertyPath: m_LocalRotation.w
      value: 0.98357147
      objectReference: {fileID: 0}
    - target: {fileID: 4000010706693742, guid: 05262e1cb6621c84f8f31dd5b4799010, type: 2}
      propertyPath: m_RootOrder
      value: 5
      objectReference: {fileID: 0}
    - target: {fileID: 4000010706693742, guid: 05262e1cb6621c84f8f31dd5b4799010, type: 2}
      propertyPath: m_LocalScale.x
      value: 0.3
      objectReference: {fileID: 0}
    - target: {fileID: 4000010706693742, guid: 05262e1cb6621c84f8f31dd5b4799010, type: 2}
      propertyPath: m_LocalScale.y
      value: 0.29999992
      objectReference: {fileID: 0}
    - target: {fileID: 4000010706693742, guid: 05262e1cb6621c84f8f31dd5b4799010, type: 2}
      propertyPath: m_LocalScale.z
      value: 0.29999992
      objectReference: {fileID: 0}
    - target: {fileID: 1000013743448318, guid: 05262e1cb6621c84f8f31dd5b4799010, type: 2}
      propertyPath: m_Name
      value: Crate (1)
      objectReference: {fileID: 0}
    - target: {fileID: 4000010706693742, guid: 05262e1cb6621c84f8f31dd5b4799010, type: 2}
      propertyPath: m_LocalEulerAnglesHint.x
      value: -89.98
      objectReference: {fileID: 0}
    - target: {fileID: 4000010706693742, guid: 05262e1cb6621c84f8f31dd5b4799010, type: 2}
      propertyPath: m_LocalEulerAnglesHint.y
      value: 20.8
      objectReference: {fileID: 0}
    m_RemovedComponents: []
  m_SourcePrefab: {fileID: 100100000, guid: 05262e1cb6621c84f8f31dd5b4799010, type: 2}
  m_IsPrefabAsset: 0
--- !u!1 &628722929
GameObject:
  m_ObjectHideFlags: 0
  m_CorrespondingSourceObject: {fileID: 0}
  m_PrefabInternal: {fileID: 0}
  serializedVersion: 6
  m_Component:
  - component: {fileID: 628722930}
  - component: {fileID: 628722932}
  - component: {fileID: 628722931}
  m_Layer: 5
  m_Name: CalculusText
  m_TagString: Untagged
  m_Icon: {fileID: 0}
  m_NavMeshLayer: 0
  m_StaticEditorFlags: 0
  m_IsActive: 1
--- !u!224 &628722930
RectTransform:
  m_ObjectHideFlags: 0
  m_CorrespondingSourceObject: {fileID: 0}
  m_PrefabInternal: {fileID: 0}
  m_GameObject: {fileID: 628722929}
  m_LocalRotation: {x: 0, y: 0, z: 0, w: 1}
  m_LocalPosition: {x: 0, y: 0, z: 0}
  m_LocalScale: {x: 4, y: 4, z: 4}
  m_Children: []
  m_Father: {fileID: 1496295874}
  m_RootOrder: 1
  m_LocalEulerAnglesHint: {x: 0, y: 0, z: 0}
  m_AnchorMin: {x: 0.5, y: 0.5}
  m_AnchorMax: {x: 0.5, y: 0.5}
  m_AnchoredPosition: {x: 0, y: 0}
  m_SizeDelta: {x: 160, y: 30}
  m_Pivot: {x: 0.5, y: 0.5}
--- !u!114 &628722931
MonoBehaviour:
  m_ObjectHideFlags: 0
  m_CorrespondingSourceObject: {fileID: 0}
  m_PrefabInternal: {fileID: 0}
  m_GameObject: {fileID: 628722929}
  m_Enabled: 1
  m_EditorHideFlags: 0
  m_Script: {fileID: 708705254, guid: f70555f144d8491a825f0804e09c671c, type: 3}
  m_Name: 
  m_EditorClassIdentifier: 
  m_Material: {fileID: 0}
  m_Color: {r: 1, g: 1, b: 1, a: 1}
  m_RaycastTarget: 1
  m_OnCullStateChanged:
    m_PersistentCalls:
      m_Calls: []
    m_TypeName: UnityEngine.UI.MaskableGraphic+CullStateChangedEvent, UnityEngine.UI,
      Version=1.0.0.0, Culture=neutral, PublicKeyToken=null
  m_FontData:
    m_Font: {fileID: 10102, guid: 0000000000000000e000000000000000, type: 0}
    m_FontSize: 100
    m_FontStyle: 0
    m_BestFit: 0
    m_MinSize: 1
    m_MaxSize: 100
    m_Alignment: 4
    m_AlignByGeometry: 0
    m_RichText: 1
    m_HorizontalOverflow: 0
    m_VerticalOverflow: 0
    m_LineSpacing: 1
  m_Text: 
--- !u!222 &628722932
CanvasRenderer:
  m_ObjectHideFlags: 0
  m_CorrespondingSourceObject: {fileID: 0}
  m_PrefabInternal: {fileID: 0}
  m_GameObject: {fileID: 628722929}
  m_CullTransparentMesh: 0
--- !u!1 &736934122
GameObject:
  m_ObjectHideFlags: 0
  m_CorrespondingSourceObject: {fileID: 0}
  m_PrefabInternal: {fileID: 0}
  serializedVersion: 6
  m_Component:
  - component: {fileID: 736934125}
  - component: {fileID: 736934124}
  - component: {fileID: 736934123}
  m_Layer: 0
  m_Name: SpriteImage
  m_TagString: Untagged
  m_Icon: {fileID: 0}
  m_NavMeshLayer: 0
  m_StaticEditorFlags: 0
  m_IsActive: 1
--- !u!114 &736934123
MonoBehaviour:
  m_ObjectHideFlags: 0
  m_CorrespondingSourceObject: {fileID: 0}
  m_PrefabInternal: {fileID: 0}
  m_GameObject: {fileID: 736934122}
  m_Enabled: 1
  m_EditorHideFlags: 0
  m_Script: {fileID: 11500000, guid: 1657dff840cb01f4ba14d8c83893ac73, type: 3}
  m_Name: 
  m_EditorClassIdentifier: 
  _spritesNames: {fileID: 0}
--- !u!212 &736934124
SpriteRenderer:
  m_ObjectHideFlags: 0
  m_CorrespondingSourceObject: {fileID: 0}
  m_PrefabInternal: {fileID: 0}
  m_GameObject: {fileID: 736934122}
  m_Enabled: 1
  m_CastShadows: 0
  m_ReceiveShadows: 0
  m_DynamicOccludee: 1
  m_MotionVectors: 1
  m_LightProbeUsage: 1
  m_ReflectionProbeUsage: 1
  m_RenderingLayerMask: 4294967295
  m_Materials:
  - {fileID: 10754, guid: 0000000000000000f000000000000000, type: 0}
  m_StaticBatchInfo:
    firstSubMesh: 0
    subMeshCount: 0
  m_StaticBatchRoot: {fileID: 0}
  m_ProbeAnchor: {fileID: 0}
  m_LightProbeVolumeOverride: {fileID: 0}
  m_ScaleInLightmap: 1
  m_PreserveUVs: 0
  m_IgnoreNormalsForChartDetection: 0
  m_ImportantGI: 0
  m_StitchLightmapSeams: 0
  m_SelectedEditorRenderState: 0
  m_MinimumChartSize: 4
  m_AutoUVMaxDistance: 0.5
  m_AutoUVMaxAngle: 89
  m_LightmapParameters: {fileID: 0}
  m_SortingLayerID: 0
  m_SortingLayer: 0
  m_SortingOrder: 0
  m_Sprite: {fileID: 0}
  m_Color: {r: 1, g: 1, b: 1, a: 1}
  m_FlipX: 0
  m_FlipY: 0
  m_DrawMode: 0
  m_Size: {x: 2.25, y: 2.25}
  m_AdaptiveModeThreshold: 0.5
  m_SpriteTileMode: 0
  m_WasSpriteAssigned: 0
  m_MaskInteraction: 0
  m_SpriteSortPoint: 0
--- !u!4 &736934125
Transform:
  m_ObjectHideFlags: 0
  m_CorrespondingSourceObject: {fileID: 0}
  m_PrefabInternal: {fileID: 0}
  m_GameObject: {fileID: 736934122}
  m_LocalRotation: {x: 0, y: 0.7071068, z: 0, w: 0.7071068}
  m_LocalPosition: {x: 0.92, y: 0.38, z: 0.94}
  m_LocalScale: {x: 1, y: 1, z: 1}
  m_Children: []
  m_Father: {fileID: 0}
  m_RootOrder: 5
  m_LocalEulerAnglesHint: {x: 0, y: 90, z: 0}
--- !u!1 &757026145
GameObject:
  m_ObjectHideFlags: 0
  m_CorrespondingSourceObject: {fileID: 1946340036642692, guid: 58a0ae335a39245fbb0021a9e9e7eae2,
    type: 2}
  m_PrefabInternal: {fileID: 0}
  serializedVersion: 6
  m_Component:
  - component: {fileID: 757026146}
  - component: {fileID: 757026148}
  - component: {fileID: 757026147}
  m_Layer: 0
  m_Name: Grass_2_1 (1)
  m_TagString: Untagged
  m_Icon: {fileID: 0}
  m_NavMeshLayer: 0
  m_StaticEditorFlags: 0
  m_IsActive: 1
--- !u!4 &757026146
Transform:
  m_ObjectHideFlags: 0
  m_CorrespondingSourceObject: {fileID: 4475818225553418, guid: 58a0ae335a39245fbb0021a9e9e7eae2,
    type: 2}
  m_PrefabInternal: {fileID: 0}
  m_GameObject: {fileID: 757026145}
  m_LocalRotation: {x: -0, y: -0, z: -0, w: 1}
  m_LocalPosition: {x: -15.4, y: 0.0034925938, z: -9.6}
  m_LocalScale: {x: 0.99999994, y: 0.99999994, z: 0.99999994}
  m_Children: []
  m_Father: {fileID: 1053889453}
  m_RootOrder: 19
  m_LocalEulerAnglesHint: {x: 0, y: 0, z: 0}
--- !u!23 &757026147
MeshRenderer:
  m_ObjectHideFlags: 0
  m_CorrespondingSourceObject: {fileID: 23027874025844522, guid: 58a0ae335a39245fbb0021a9e9e7eae2,
    type: 2}
  m_PrefabInternal: {fileID: 0}
  m_GameObject: {fileID: 757026145}
  m_Enabled: 1
  m_CastShadows: 1
  m_ReceiveShadows: 1
  m_DynamicOccludee: 1
  m_MotionVectors: 1
  m_LightProbeUsage: 1
  m_ReflectionProbeUsage: 1
  m_RenderingLayerMask: 4294967295
  m_Materials:
  - {fileID: 2100004, guid: 2072bd79c1ae41441b0d087f04e9ec49, type: 3}
  m_StaticBatchInfo:
    firstSubMesh: 0
    subMeshCount: 0
  m_StaticBatchRoot: {fileID: 0}
  m_ProbeAnchor: {fileID: 0}
  m_LightProbeVolumeOverride: {fileID: 0}
  m_ScaleInLightmap: 1
  m_PreserveUVs: 0
  m_IgnoreNormalsForChartDetection: 0
  m_ImportantGI: 0
  m_StitchLightmapSeams: 0
  m_SelectedEditorRenderState: 3
  m_MinimumChartSize: 4
  m_AutoUVMaxDistance: 0.5
  m_AutoUVMaxAngle: 89
  m_LightmapParameters: {fileID: 0}
  m_SortingLayerID: 0
  m_SortingLayer: 0
  m_SortingOrder: 0
--- !u!33 &757026148
MeshFilter:
  m_ObjectHideFlags: 0
  m_CorrespondingSourceObject: {fileID: 33013540140694478, guid: 58a0ae335a39245fbb0021a9e9e7eae2,
    type: 2}
  m_PrefabInternal: {fileID: 0}
  m_GameObject: {fileID: 757026145}
  m_Mesh: {fileID: 4300010, guid: 2072bd79c1ae41441b0d087f04e9ec49, type: 3}
--- !u!1 &774639630
GameObject:
  m_ObjectHideFlags: 0
  m_CorrespondingSourceObject: {fileID: 0}
  m_PrefabInternal: {fileID: 0}
  serializedVersion: 6
  m_Component:
  - component: {fileID: 774639631}
  m_Layer: 0
  m_Name: '--------- Game ---------'
  m_TagString: Untagged
  m_Icon: {fileID: 0}
  m_NavMeshLayer: 0
  m_StaticEditorFlags: 0
  m_IsActive: 1
--- !u!4 &774639631
Transform:
  m_ObjectHideFlags: 0
  m_CorrespondingSourceObject: {fileID: 0}
  m_PrefabInternal: {fileID: 0}
  m_GameObject: {fileID: 774639630}
  m_LocalRotation: {x: 0, y: 0, z: 0, w: 1}
  m_LocalPosition: {x: 0, y: 0, z: 0}
  m_LocalScale: {x: 1, y: 1, z: 1}
  m_Children: []
  m_Father: {fileID: 0}
  m_RootOrder: 2
  m_LocalEulerAnglesHint: {x: 0, y: 0, z: 0}
--- !u!1 &959084438
GameObject:
  m_ObjectHideFlags: 0
  m_CorrespondingSourceObject: {fileID: 0}
  m_PrefabInternal: {fileID: 0}
  serializedVersion: 6
  m_Component:
  - component: {fileID: 959084440}
  - component: {fileID: 959084439}
  m_Layer: 0
  m_Name: ObjectPoolerRope
  m_TagString: Untagged
  m_Icon: {fileID: 0}
  m_NavMeshLayer: 0
  m_StaticEditorFlags: 0
  m_IsActive: 1
--- !u!114 &959084439
MonoBehaviour:
  m_ObjectHideFlags: 0
  m_CorrespondingSourceObject: {fileID: 0}
  m_PrefabInternal: {fileID: 0}
  m_GameObject: {fileID: 959084438}
  m_Enabled: 1
  m_EditorHideFlags: 0
  m_Script: {fileID: 11500000, guid: 4827f72848464bbc877d0d9e757f6b22, type: 3}
  m_Name: 
  m_EditorClassIdentifier: 
  pools:
  - tag: TextCube
    prefab: {fileID: 1389251956552572, guid: fc6914dfc4db648fbb229d47b239ee47, type: 2}
    size: 12
  - tag: SpriteCube
    prefab: {fileID: 1586350923762412, guid: e600d437f386d49faaa45d7d772607db, type: 2}
    size: 12
  - tag: TextCubeWithRope
    prefab: {fileID: 1336497104718866, guid: 770c4575d5d784b45ab2e317abf40080, type: 2}
    size: 12
  - tag: SpriteCubeWithRope
    prefab: {fileID: 1927992856995374, guid: 644008d7d403d874e9eebcf0874e4ea1, type: 2}
    size: 12
--- !u!4 &959084440
Transform:
  m_ObjectHideFlags: 0
  m_CorrespondingSourceObject: {fileID: 0}
  m_PrefabInternal: {fileID: 0}
  m_GameObject: {fileID: 959084438}
  m_LocalRotation: {x: 0, y: 0, z: 0, w: 1}
  m_LocalPosition: {x: -1.1846867, y: -2.9043245, z: 5.178186}
  m_LocalScale: {x: 1, y: 1, z: 1}
  m_Children: []
  m_Father: {fileID: 0}
  m_RootOrder: 16
  m_LocalEulerAnglesHint: {x: 0, y: 0, z: 0}
--- !u!1 &989513080
GameObject:
  m_ObjectHideFlags: 0
  m_CorrespondingSourceObject: {fileID: 0}
  m_PrefabInternal: {fileID: 0}
  serializedVersion: 6
  m_Component:
  - component: {fileID: 989513083}
  - component: {fileID: 989513082}
  - component: {fileID: 989513081}
  m_Layer: 0
  m_Name: Main Camera
  m_TagString: MainCamera
  m_Icon: {fileID: 0}
  m_NavMeshLayer: 0
  m_StaticEditorFlags: 0
  m_IsActive: 0
--- !u!81 &989513081
AudioListener:
  m_ObjectHideFlags: 0
  m_CorrespondingSourceObject: {fileID: 0}
  m_PrefabInternal: {fileID: 0}
  m_GameObject: {fileID: 989513080}
  m_Enabled: 1
--- !u!20 &989513082
Camera:
  m_ObjectHideFlags: 0
  m_CorrespondingSourceObject: {fileID: 0}
  m_PrefabInternal: {fileID: 0}
  m_GameObject: {fileID: 989513080}
  m_Enabled: 1
  serializedVersion: 2
  m_ClearFlags: 1
  m_BackGroundColor: {r: 0.19215687, g: 0.3019608, b: 0.4745098, a: 0}
  m_projectionMatrixMode: 1
  m_SensorSize: {x: 36, y: 24}
  m_LensShift: {x: 0, y: 0}
  m_FocalLength: 50
  m_NormalizedViewPortRect:
    serializedVersion: 2
    x: 0
    y: 0
    width: 1
    height: 1
  near clip plane: 0.3
  far clip plane: 1000
  field of view: 25.240923
  orthographic: 0
  orthographic size: 5
  m_Depth: -1
  m_CullingMask:
    serializedVersion: 2
    m_Bits: 4294967295
  m_RenderingPath: -1
  m_TargetTexture: {fileID: 0}
  m_TargetDisplay: 0
  m_TargetEye: 3
  m_HDR: 1
  m_AllowMSAA: 1
  m_AllowDynamicResolution: 0
  m_ForceIntoRT: 0
  m_OcclusionCulling: 1
  m_StereoConvergence: 10
  m_StereoSeparation: 0.022
--- !u!4 &989513083
Transform:
  m_ObjectHideFlags: 0
  m_CorrespondingSourceObject: {fileID: 0}
  m_PrefabInternal: {fileID: 0}
  m_GameObject: {fileID: 989513080}
  m_LocalRotation: {x: 0, y: 0.7071068, z: 0, w: 0.7071068}
  m_LocalPosition: {x: -4, y: 0.5, z: -0.5}
  m_LocalScale: {x: 1, y: 1, z: 1}
  m_Children: []
  m_Father: {fileID: 0}
  m_RootOrder: 0
  m_LocalEulerAnglesHint: {x: 0, y: 90, z: 0}
--- !u!1001 &1011661833
Prefab:
  m_ObjectHideFlags: 0
  serializedVersion: 2
  m_Modification:
    m_TransformParent: {fileID: 558801221}
    m_Modifications:
    - target: {fileID: 4000010544313584, guid: 36e52bed9a7cf6a4d83fb7667bb2b1a8, type: 2}
      propertyPath: m_LocalPosition.x
      value: 0
      objectReference: {fileID: 0}
    - target: {fileID: 4000010544313584, guid: 36e52bed9a7cf6a4d83fb7667bb2b1a8, type: 2}
      propertyPath: m_LocalPosition.y
      value: 0
      objectReference: {fileID: 0}
    - target: {fileID: 4000010544313584, guid: 36e52bed9a7cf6a4d83fb7667bb2b1a8, type: 2}
      propertyPath: m_LocalPosition.z
      value: 0
      objectReference: {fileID: 0}
    - target: {fileID: 4000010544313584, guid: 36e52bed9a7cf6a4d83fb7667bb2b1a8, type: 2}
      propertyPath: m_LocalRotation.x
      value: -0
      objectReference: {fileID: 0}
    - target: {fileID: 4000010544313584, guid: 36e52bed9a7cf6a4d83fb7667bb2b1a8, type: 2}
      propertyPath: m_LocalRotation.y
      value: -0
      objectReference: {fileID: 0}
    - target: {fileID: 4000010544313584, guid: 36e52bed9a7cf6a4d83fb7667bb2b1a8, type: 2}
      propertyPath: m_LocalRotation.z
      value: -0
      objectReference: {fileID: 0}
    - target: {fileID: 4000010544313584, guid: 36e52bed9a7cf6a4d83fb7667bb2b1a8, type: 2}
      propertyPath: m_LocalRotation.w
      value: 1
      objectReference: {fileID: 0}
    - target: {fileID: 4000010544313584, guid: 36e52bed9a7cf6a4d83fb7667bb2b1a8, type: 2}
      propertyPath: m_RootOrder
      value: 0
      objectReference: {fileID: 0}
    - target: {fileID: 4000010544313584, guid: 36e52bed9a7cf6a4d83fb7667bb2b1a8, type: 2}
      propertyPath: m_LocalScale.x
      value: 1
      objectReference: {fileID: 0}
    - target: {fileID: 4000010544313584, guid: 36e52bed9a7cf6a4d83fb7667bb2b1a8, type: 2}
      propertyPath: m_LocalScale.y
      value: 1
      objectReference: {fileID: 0}
    - target: {fileID: 4000010544313584, guid: 36e52bed9a7cf6a4d83fb7667bb2b1a8, type: 2}
      propertyPath: m_LocalScale.z
      value: 1
      objectReference: {fileID: 0}
    m_RemovedComponents: []
  m_SourcePrefab: {fileID: 100100000, guid: 36e52bed9a7cf6a4d83fb7667bb2b1a8, type: 2}
  m_IsPrefabAsset: 0
--- !u!4 &1033427254 stripped
Transform:
  m_CorrespondingSourceObject: {fileID: 4371931077995424, guid: 58a0ae335a39245fbb0021a9e9e7eae2,
    type: 2}
  m_PrefabInternal: {fileID: 1093223823}
--- !u!4 &1053889453 stripped
Transform:
  m_CorrespondingSourceObject: {fileID: 4739184516471528, guid: 58a0ae335a39245fbb0021a9e9e7eae2,
    type: 2}
  m_PrefabInternal: {fileID: 1093223823}
--- !u!1001 &1093223823
Prefab:
  m_ObjectHideFlags: 0
  serializedVersion: 2
  m_Modification:
    m_TransformParent: {fileID: 0}
    m_Modifications:
    - target: {fileID: 4639806318542252, guid: 58a0ae335a39245fbb0021a9e9e7eae2, type: 2}
      propertyPath: m_LocalPosition.x
      value: 3.88
      objectReference: {fileID: 0}
    - target: {fileID: 4639806318542252, guid: 58a0ae335a39245fbb0021a9e9e7eae2, type: 2}
      propertyPath: m_LocalPosition.y
      value: 0.4
      objectReference: {fileID: 0}
    - target: {fileID: 4639806318542252, guid: 58a0ae335a39245fbb0021a9e9e7eae2, type: 2}
      propertyPath: m_LocalPosition.z
      value: -4.57
      objectReference: {fileID: 0}
    - target: {fileID: 4639806318542252, guid: 58a0ae335a39245fbb0021a9e9e7eae2, type: 2}
      propertyPath: m_LocalRotation.x
      value: 0
      objectReference: {fileID: 0}
    - target: {fileID: 4639806318542252, guid: 58a0ae335a39245fbb0021a9e9e7eae2, type: 2}
      propertyPath: m_LocalRotation.y
      value: 1
      objectReference: {fileID: 0}
    - target: {fileID: 4639806318542252, guid: 58a0ae335a39245fbb0021a9e9e7eae2, type: 2}
      propertyPath: m_LocalRotation.z
      value: 0
      objectReference: {fileID: 0}
    - target: {fileID: 4639806318542252, guid: 58a0ae335a39245fbb0021a9e9e7eae2, type: 2}
      propertyPath: m_LocalRotation.w
      value: 0
      objectReference: {fileID: 0}
    - target: {fileID: 4639806318542252, guid: 58a0ae335a39245fbb0021a9e9e7eae2, type: 2}
      propertyPath: m_RootOrder
      value: 10
      objectReference: {fileID: 0}
    - target: {fileID: 4639806318542252, guid: 58a0ae335a39245fbb0021a9e9e7eae2, type: 2}
      propertyPath: m_LocalScale.x
      value: 0.4
      objectReference: {fileID: 0}
    - target: {fileID: 4639806318542252, guid: 58a0ae335a39245fbb0021a9e9e7eae2, type: 2}
      propertyPath: m_LocalScale.y
      value: 0.4
      objectReference: {fileID: 0}
    - target: {fileID: 4639806318542252, guid: 58a0ae335a39245fbb0021a9e9e7eae2, type: 2}
      propertyPath: m_LocalScale.z
      value: 0.4
      objectReference: {fileID: 0}
    - target: {fileID: 4639806318542252, guid: 58a0ae335a39245fbb0021a9e9e7eae2, type: 2}
      propertyPath: m_LocalEulerAnglesHint.x
      value: 0
      objectReference: {fileID: 0}
    - target: {fileID: 4639806318542252, guid: 58a0ae335a39245fbb0021a9e9e7eae2, type: 2}
      propertyPath: m_LocalEulerAnglesHint.y
      value: 180
      objectReference: {fileID: 0}
    - target: {fileID: 4066808372283044, guid: 58a0ae335a39245fbb0021a9e9e7eae2, type: 2}
      propertyPath: m_LocalPosition.x
      value: -15.9
      objectReference: {fileID: 0}
    - target: {fileID: 4123930031119788, guid: 58a0ae335a39245fbb0021a9e9e7eae2, type: 2}
      propertyPath: m_LocalPosition.z
      value: -12.26
      objectReference: {fileID: 0}
    - target: {fileID: 4165741748751520, guid: 58a0ae335a39245fbb0021a9e9e7eae2, type: 2}
      propertyPath: m_LocalPosition.z
      value: 0.17
      objectReference: {fileID: 0}
    - target: {fileID: 4703081586400074, guid: 58a0ae335a39245fbb0021a9e9e7eae2, type: 2}
      propertyPath: m_LocalPosition.z
      value: -8.33
      objectReference: {fileID: 0}
    - target: {fileID: 4703081586400074, guid: 58a0ae335a39245fbb0021a9e9e7eae2, type: 2}
      propertyPath: m_LocalPosition.x
      value: 3.97
      objectReference: {fileID: 0}
    - target: {fileID: 4803415266939198, guid: 58a0ae335a39245fbb0021a9e9e7eae2, type: 2}
      propertyPath: m_LocalPosition.z
      value: 6.77
      objectReference: {fileID: 0}
    - target: {fileID: 4733814972130644, guid: 58a0ae335a39245fbb0021a9e9e7eae2, type: 2}
      propertyPath: m_LocalPosition.x
      value: 11.11
      objectReference: {fileID: 0}
    - target: {fileID: 4248882658169774, guid: 58a0ae335a39245fbb0021a9e9e7eae2, type: 2}
      propertyPath: m_LocalPosition.z
      value: 6.56
      objectReference: {fileID: 0}
    - target: {fileID: 4248882658169774, guid: 58a0ae335a39245fbb0021a9e9e7eae2, type: 2}
      propertyPath: m_LocalPosition.x
      value: 3.38
      objectReference: {fileID: 0}
    - target: {fileID: 4532131204785824, guid: 58a0ae335a39245fbb0021a9e9e7eae2, type: 2}
      propertyPath: m_LocalPosition.z
      value: 4.94
      objectReference: {fileID: 0}
    - target: {fileID: 4451202931590194, guid: 58a0ae335a39245fbb0021a9e9e7eae2, type: 2}
      propertyPath: m_LocalPosition.z
      value: -2.5
      objectReference: {fileID: 0}
    - target: {fileID: 4451202931590194, guid: 58a0ae335a39245fbb0021a9e9e7eae2, type: 2}
      propertyPath: m_LocalPosition.x
      value: -6.18
      objectReference: {fileID: 0}
    m_RemovedComponents: []
  m_SourcePrefab: {fileID: 100100000, guid: 58a0ae335a39245fbb0021a9e9e7eae2, type: 2}
  m_IsPrefabAsset: 0
--- !u!1001 &1220055557
Prefab:
  m_ObjectHideFlags: 0
  serializedVersion: 2
  m_Modification:
    m_TransformParent: {fileID: 0}
    m_Modifications:
    - target: {fileID: 4000010841522358, guid: de49971f04e49d3469405279c2afd0bc, type: 2}
      propertyPath: m_LocalPosition.x
      value: 2.45
      objectReference: {fileID: 0}
    - target: {fileID: 4000010841522358, guid: de49971f04e49d3469405279c2afd0bc, type: 2}
      propertyPath: m_LocalPosition.y
      value: 0.53
      objectReference: {fileID: 0}
    - target: {fileID: 4000010841522358, guid: de49971f04e49d3469405279c2afd0bc, type: 2}
      propertyPath: m_LocalPosition.z
      value: -2.79
      objectReference: {fileID: 0}
    - target: {fileID: 4000010841522358, guid: de49971f04e49d3469405279c2afd0bc, type: 2}
      propertyPath: m_LocalRotation.x
      value: 0
      objectReference: {fileID: 0}
    - target: {fileID: 4000010841522358, guid: de49971f04e49d3469405279c2afd0bc, type: 2}
      propertyPath: m_LocalRotation.y
      value: 0.7071068
      objectReference: {fileID: 0}
    - target: {fileID: 4000010841522358, guid: de49971f04e49d3469405279c2afd0bc, type: 2}
      propertyPath: m_LocalRotation.z
      value: 0
      objectReference: {fileID: 0}
    - target: {fileID: 4000010841522358, guid: de49971f04e49d3469405279c2afd0bc, type: 2}
      propertyPath: m_LocalRotation.w
      value: 0.7071068
      objectReference: {fileID: 0}
    - target: {fileID: 4000010841522358, guid: de49971f04e49d3469405279c2afd0bc, type: 2}
      propertyPath: m_RootOrder
      value: 6
      objectReference: {fileID: 0}
    - target: {fileID: 4000010841522358, guid: de49971f04e49d3469405279c2afd0bc, type: 2}
      propertyPath: m_LocalScale.x
      value: 0.9
      objectReference: {fileID: 0}
    - target: {fileID: 4000010841522358, guid: de49971f04e49d3469405279c2afd0bc, type: 2}
      propertyPath: m_LocalScale.y
      value: 0.5
      objectReference: {fileID: 0}
    - target: {fileID: 4000010841522358, guid: de49971f04e49d3469405279c2afd0bc, type: 2}
      propertyPath: m_LocalScale.z
      value: 0.5
      objectReference: {fileID: 0}
    - target: {fileID: 4000010841522358, guid: de49971f04e49d3469405279c2afd0bc, type: 2}
      propertyPath: m_LocalEulerAnglesHint.y
      value: 90
      objectReference: {fileID: 0}
    - target: {fileID: 1000014055932746, guid: de49971f04e49d3469405279c2afd0bc, type: 2}
      propertyPath: m_Name
      value: scoreBox
      objectReference: {fileID: 0}
    m_RemovedComponents: []
  m_SourcePrefab: {fileID: 100100000, guid: de49971f04e49d3469405279c2afd0bc, type: 2}
  m_IsPrefabAsset: 0
--- !u!1 &1302680489
GameObject:
  m_ObjectHideFlags: 0
  m_CorrespondingSourceObject: {fileID: 0}
  m_PrefabInternal: {fileID: 0}
  serializedVersion: 6
  m_Component:
  - component: {fileID: 1302680491}
  - component: {fileID: 1302680490}
  m_Layer: 0
  m_Name: Directional Light
  m_TagString: Untagged
  m_Icon: {fileID: 0}
  m_NavMeshLayer: 0
  m_StaticEditorFlags: 0
  m_IsActive: 1
--- !u!108 &1302680490
Light:
  m_ObjectHideFlags: 0
  m_CorrespondingSourceObject: {fileID: 0}
  m_PrefabInternal: {fileID: 0}
  m_GameObject: {fileID: 1302680489}
  m_Enabled: 1
  serializedVersion: 8
  m_Type: 1
  m_Color: {r: 1, g: 0.95686275, b: 0.8392157, a: 1}
  m_Intensity: 1
  m_Range: 10
  m_SpotAngle: 30
  m_CookieSize: 10
  m_Shadows:
    m_Type: 2
    m_Resolution: -1
    m_CustomResolution: -1
    m_Strength: 1
    m_Bias: 0.05
    m_NormalBias: 0.4
    m_NearPlane: 0.2
  m_Cookie: {fileID: 0}
  m_DrawHalo: 0
  m_Flare: {fileID: 0}
  m_RenderMode: 0
  m_CullingMask:
    serializedVersion: 2
    m_Bits: 4294967295
  m_Lightmapping: 4
  m_LightShadowCasterMode: 0
  m_AreaSize: {x: 1, y: 1}
  m_BounceIntensity: 1
  m_ColorTemperature: 6570
  m_UseColorTemperature: 0
  m_ShadowRadius: 0
  m_ShadowAngle: 0
--- !u!4 &1302680491
Transform:
  m_ObjectHideFlags: 0
  m_CorrespondingSourceObject: {fileID: 0}
  m_PrefabInternal: {fileID: 0}
  m_GameObject: {fileID: 1302680489}
  m_LocalRotation: {x: 0.40821788, y: -0.23456968, z: 0.10938163, w: 0.8754261}
  m_LocalPosition: {x: 16.9, y: 35.2, z: -36.3}
  m_LocalScale: {x: 1, y: 1, z: 1}
  m_Children: []
  m_Father: {fileID: 0}
  m_RootOrder: 1
  m_LocalEulerAnglesHint: {x: 50, y: -30, z: 0}
--- !u!1001 &1331658434
Prefab:
  m_ObjectHideFlags: 0
  serializedVersion: 2
  m_Modification:
    m_TransformParent: {fileID: 558801221}
    m_Modifications:
    - target: {fileID: 4000010544313584, guid: 36e52bed9a7cf6a4d83fb7667bb2b1a8, type: 2}
      propertyPath: m_LocalPosition.x
      value: -0.8
      objectReference: {fileID: 0}
    - target: {fileID: 4000010544313584, guid: 36e52bed9a7cf6a4d83fb7667bb2b1a8, type: 2}
      propertyPath: m_LocalPosition.y
      value: -0.6399998
      objectReference: {fileID: 0}
    - target: {fileID: 4000010544313584, guid: 36e52bed9a7cf6a4d83fb7667bb2b1a8, type: 2}
      propertyPath: m_LocalPosition.z
      value: 0
      objectReference: {fileID: 0}
    - target: {fileID: 4000010544313584, guid: 36e52bed9a7cf6a4d83fb7667bb2b1a8, type: 2}
      propertyPath: m_LocalRotation.x
      value: 0.000000089406974
      objectReference: {fileID: 0}
    - target: {fileID: 4000010544313584, guid: 36e52bed9a7cf6a4d83fb7667bb2b1a8, type: 2}
      propertyPath: m_LocalRotation.y
      value: -0.000000014901163
      objectReference: {fileID: 0}
    - target: {fileID: 4000010544313584, guid: 36e52bed9a7cf6a4d83fb7667bb2b1a8, type: 2}
      propertyPath: m_LocalRotation.z
      value: 0.24512665
      objectReference: {fileID: 0}
    - target: {fileID: 4000010544313584, guid: 36e52bed9a7cf6a4d83fb7667bb2b1a8, type: 2}
      propertyPath: m_LocalRotation.w
      value: 0.96949106
      objectReference: {fileID: 0}
    - target: {fileID: 4000010544313584, guid: 36e52bed9a7cf6a4d83fb7667bb2b1a8, type: 2}
      propertyPath: m_RootOrder
      value: 2
      objectReference: {fileID: 0}
    - target: {fileID: 4000010544313584, guid: 36e52bed9a7cf6a4d83fb7667bb2b1a8, type: 2}
      propertyPath: m_LocalScale.x
      value: 1
      objectReference: {fileID: 0}
    - target: {fileID: 4000010544313584, guid: 36e52bed9a7cf6a4d83fb7667bb2b1a8, type: 2}
      propertyPath: m_LocalScale.y
      value: 1
      objectReference: {fileID: 0}
    - target: {fileID: 4000010544313584, guid: 36e52bed9a7cf6a4d83fb7667bb2b1a8, type: 2}
      propertyPath: m_LocalScale.z
      value: 1
      objectReference: {fileID: 0}
    - target: {fileID: 1000010135718398, guid: 36e52bed9a7cf6a4d83fb7667bb2b1a8, type: 2}
      propertyPath: m_Name
      value: box (1)
      objectReference: {fileID: 0}
    - target: {fileID: 4000010544313584, guid: 36e52bed9a7cf6a4d83fb7667bb2b1a8, type: 2}
      propertyPath: m_LocalEulerAnglesHint.x
      value: -90.00001
      objectReference: {fileID: 0}
    - target: {fileID: 4000010544313584, guid: 36e52bed9a7cf6a4d83fb7667bb2b1a8, type: 2}
      propertyPath: m_LocalEulerAnglesHint.z
      value: 28.379002
      objectReference: {fileID: 0}
    m_RemovedComponents: []
  m_SourcePrefab: {fileID: 100100000, guid: 36e52bed9a7cf6a4d83fb7667bb2b1a8, type: 2}
  m_IsPrefabAsset: 0
--- !u!4 &1364783389 stripped
Transform:
  m_CorrespondingSourceObject: {fileID: 4000013207057914, guid: 5ba9317adf09ffa4e954285b691b5b9d,
    type: 2}
  m_PrefabInternal: {fileID: 1722917796}
--- !u!4 &1423802306 stripped
Transform:
  m_CorrespondingSourceObject: {fileID: 4516698092108428, guid: 58a0ae335a39245fbb0021a9e9e7eae2,
    type: 2}
  m_PrefabInternal: {fileID: 1093223823}
--- !u!1 &1496295873
GameObject:
  m_ObjectHideFlags: 0
  m_CorrespondingSourceObject: {fileID: 0}
  m_PrefabInternal: {fileID: 0}
  serializedVersion: 6
  m_Component:
  - component: {fileID: 1496295874}
  - component: {fileID: 1496295876}
  - component: {fileID: 1496295875}
  m_Layer: 5
  m_Name: Panel
  m_TagString: Untagged
  m_Icon: {fileID: 0}
  m_NavMeshLayer: 0
  m_StaticEditorFlags: 0
  m_IsActive: 1
--- !u!224 &1496295874
RectTransform:
  m_ObjectHideFlags: 0
  m_CorrespondingSourceObject: {fileID: 0}
  m_PrefabInternal: {fileID: 0}
  m_GameObject: {fileID: 1496295873}
  m_LocalRotation: {x: 0, y: 0, z: 0, w: 1}
  m_LocalPosition: {x: 0, y: 0, z: 0}
  m_LocalScale: {x: 1, y: 1, z: 1}
  m_Children:
  - {fileID: 399140923}
  - {fileID: 628722930}
  m_Father: {fileID: 1980335926}
  m_RootOrder: 0
  m_LocalEulerAnglesHint: {x: 0, y: 0, z: 0}
  m_AnchorMin: {x: 0, y: 0}
  m_AnchorMax: {x: 1, y: 1}
  m_AnchoredPosition: {x: 0, y: 0}
  m_SizeDelta: {x: 0, y: 0}
  m_Pivot: {x: 0.5, y: 0.5}
--- !u!114 &1496295875
MonoBehaviour:
  m_ObjectHideFlags: 0
  m_CorrespondingSourceObject: {fileID: 0}
  m_PrefabInternal: {fileID: 0}
  m_GameObject: {fileID: 1496295873}
  m_Enabled: 1
  m_EditorHideFlags: 0
  m_Script: {fileID: -765806418, guid: f70555f144d8491a825f0804e09c671c, type: 3}
  m_Name: 
  m_EditorClassIdentifier: 
  m_Material: {fileID: 0}
  m_Color: {r: 0, g: 0, b: 0, a: 0.69803923}
  m_RaycastTarget: 1
  m_OnCullStateChanged:
    m_PersistentCalls:
      m_Calls: []
    m_TypeName: UnityEngine.UI.MaskableGraphic+CullStateChangedEvent, UnityEngine.UI,
      Version=1.0.0.0, Culture=neutral, PublicKeyToken=null
  m_Sprite: {fileID: 10907, guid: 0000000000000000f000000000000000, type: 0}
  m_Type: 1
  m_PreserveAspect: 0
  m_FillCenter: 1
  m_FillMethod: 4
  m_FillAmount: 1
  m_FillClockwise: 1
  m_FillOrigin: 0
--- !u!222 &1496295876
CanvasRenderer:
  m_ObjectHideFlags: 0
  m_CorrespondingSourceObject: {fileID: 0}
  m_PrefabInternal: {fileID: 0}
  m_GameObject: {fileID: 1496295873}
  m_CullTransparentMesh: 0
--- !u!1 &1521242574
GameObject:
  m_ObjectHideFlags: 0
  m_CorrespondingSourceObject: {fileID: 0}
  m_PrefabInternal: {fileID: 0}
  serializedVersion: 6
  m_Component:
  - component: {fileID: 1521242578}
  - component: {fileID: 1521242577}
  - component: {fileID: 1521242576}
  - component: {fileID: 1521242575}
  m_Layer: 0
  m_Name: Plane
  m_TagString: Untagged
  m_Icon: {fileID: 0}
  m_NavMeshLayer: 0
  m_StaticEditorFlags: 0
  m_IsActive: 1
--- !u!64 &1521242575
MeshCollider:
  m_ObjectHideFlags: 0
  m_CorrespondingSourceObject: {fileID: 0}
  m_PrefabInternal: {fileID: 0}
  m_GameObject: {fileID: 1521242574}
  m_Material: {fileID: 0}
  m_IsTrigger: 0
  m_Enabled: 1
  serializedVersion: 3
  m_Convex: 0
  m_CookingOptions: 14
  m_SkinWidth: 0.01
  m_Mesh: {fileID: 10209, guid: 0000000000000000e000000000000000, type: 0}
--- !u!23 &1521242576
MeshRenderer:
  m_ObjectHideFlags: 0
  m_CorrespondingSourceObject: {fileID: 0}
  m_PrefabInternal: {fileID: 0}
  m_GameObject: {fileID: 1521242574}
  m_Enabled: 1
  m_CastShadows: 1
  m_ReceiveShadows: 1
  m_DynamicOccludee: 1
  m_MotionVectors: 1
  m_LightProbeUsage: 1
  m_ReflectionProbeUsage: 1
  m_RenderingLayerMask: 4294967295
  m_Materials:
  - {fileID: 2100000, guid: 06c814c02d60f4a4f8531f0d4d8b82a5, type: 2}
  m_StaticBatchInfo:
    firstSubMesh: 0
    subMeshCount: 0
  m_StaticBatchRoot: {fileID: 0}
  m_ProbeAnchor: {fileID: 0}
  m_LightProbeVolumeOverride: {fileID: 0}
  m_ScaleInLightmap: 1
  m_PreserveUVs: 0
  m_IgnoreNormalsForChartDetection: 0
  m_ImportantGI: 0
  m_StitchLightmapSeams: 0
  m_SelectedEditorRenderState: 3
  m_MinimumChartSize: 4
  m_AutoUVMaxDistance: 0.5
  m_AutoUVMaxAngle: 89
  m_LightmapParameters: {fileID: 0}
  m_SortingLayerID: 0
  m_SortingLayer: 0
  m_SortingOrder: 0
--- !u!33 &1521242577
MeshFilter:
  m_ObjectHideFlags: 0
  m_CorrespondingSourceObject: {fileID: 0}
  m_PrefabInternal: {fileID: 0}
  m_GameObject: {fileID: 1521242574}
  m_Mesh: {fileID: 10209, guid: 0000000000000000e000000000000000, type: 0}
--- !u!4 &1521242578
Transform:
  m_ObjectHideFlags: 0
  m_CorrespondingSourceObject: {fileID: 0}
  m_PrefabInternal: {fileID: 0}
  m_GameObject: {fileID: 1521242574}
  m_LocalRotation: {x: 0, y: 0, z: 0, w: 1}
  m_LocalPosition: {x: 1.42, y: 0, z: -1.46}
  m_LocalScale: {x: 1.5023249, y: 2.5, z: 2.3425999}
  m_Children: []
  m_Father: {fileID: 0}
  m_RootOrder: 12
  m_LocalEulerAnglesHint: {x: 0, y: 0, z: 0}
--- !u!1 &1570993830
GameObject:
  m_ObjectHideFlags: 0
  m_CorrespondingSourceObject: {fileID: 1440214396883400, guid: 58a0ae335a39245fbb0021a9e9e7eae2,
    type: 2}
  m_PrefabInternal: {fileID: 0}
  serializedVersion: 6
  m_Component:
  - component: {fileID: 1570993831}
  - component: {fileID: 1570993833}
  - component: {fileID: 1570993832}
  m_Layer: 0
  m_Name: Tree_1_1_LOD0 (1)
  m_TagString: Untagged
  m_Icon: {fileID: 0}
  m_NavMeshLayer: 0
  m_StaticEditorFlags: 0
  m_IsActive: 1
--- !u!4 &1570993831
Transform:
  m_ObjectHideFlags: 0
  m_CorrespondingSourceObject: {fileID: 4451202931590194, guid: 58a0ae335a39245fbb0021a9e9e7eae2,
    type: 2}
  m_PrefabInternal: {fileID: 0}
  m_GameObject: {fileID: 1570993830}
  m_LocalRotation: {x: -0, y: -0, z: -0, w: 1}
  m_LocalPosition: {x: -9.73, y: 0, z: 2.11}
  m_LocalScale: {x: 0.99999994, y: 0.99999994, z: 0.99999994}
  m_Children: []
  m_Father: {fileID: 1033427254}
  m_RootOrder: 18
  m_LocalEulerAnglesHint: {x: 0, y: 0, z: 0}
--- !u!23 &1570993832
MeshRenderer:
  m_ObjectHideFlags: 0
  m_CorrespondingSourceObject: {fileID: 23509687768635382, guid: 58a0ae335a39245fbb0021a9e9e7eae2,
    type: 2}
  m_PrefabInternal: {fileID: 0}
  m_GameObject: {fileID: 1570993830}
  m_Enabled: 1
  m_CastShadows: 1
  m_ReceiveShadows: 1
  m_DynamicOccludee: 1
  m_MotionVectors: 1
  m_LightProbeUsage: 1
  m_ReflectionProbeUsage: 1
  m_RenderingLayerMask: 4294967295
  m_Materials:
  - {fileID: 2100000, guid: 2072bd79c1ae41441b0d087f04e9ec49, type: 3}
  - {fileID: 2100004, guid: 2072bd79c1ae41441b0d087f04e9ec49, type: 3}
  - {fileID: 2100002, guid: 2072bd79c1ae41441b0d087f04e9ec49, type: 3}
  m_StaticBatchInfo:
    firstSubMesh: 0
    subMeshCount: 0
  m_StaticBatchRoot: {fileID: 0}
  m_ProbeAnchor: {fileID: 0}
  m_LightProbeVolumeOverride: {fileID: 0}
  m_ScaleInLightmap: 1
  m_PreserveUVs: 0
  m_IgnoreNormalsForChartDetection: 0
  m_ImportantGI: 0
  m_StitchLightmapSeams: 0
  m_SelectedEditorRenderState: 3
  m_MinimumChartSize: 4
  m_AutoUVMaxDistance: 0.5
  m_AutoUVMaxAngle: 89
  m_LightmapParameters: {fileID: 0}
  m_SortingLayerID: 0
  m_SortingLayer: 0
  m_SortingOrder: 0
--- !u!33 &1570993833
MeshFilter:
  m_ObjectHideFlags: 0
  m_CorrespondingSourceObject: {fileID: 33495186405210384, guid: 58a0ae335a39245fbb0021a9e9e7eae2,
    type: 2}
  m_PrefabInternal: {fileID: 0}
  m_GameObject: {fileID: 1570993830}
  m_Mesh: {fileID: 4300038, guid: 2072bd79c1ae41441b0d087f04e9ec49, type: 3}
--- !u!1001 &1684805869
Prefab:
  m_ObjectHideFlags: 0
  serializedVersion: 2
  m_Modification:
    m_TransformParent: {fileID: 73202606}
    m_Modifications:
    - target: {fileID: 4639806318542252, guid: 58a0ae335a39245fbb0021a9e9e7eae2, type: 2}
      propertyPath: m_LocalPosition.x
      value: 3
      objectReference: {fileID: 0}
    - target: {fileID: 4639806318542252, guid: 58a0ae335a39245fbb0021a9e9e7eae2, type: 2}
      propertyPath: m_LocalPosition.y
      value: 0
      objectReference: {fileID: 0}
    - target: {fileID: 4639806318542252, guid: 58a0ae335a39245fbb0021a9e9e7eae2, type: 2}
      propertyPath: m_LocalPosition.z
      value: -32.925
      objectReference: {fileID: 0}
    - target: {fileID: 4639806318542252, guid: 58a0ae335a39245fbb0021a9e9e7eae2, type: 2}
      propertyPath: m_LocalRotation.x
      value: -0
      objectReference: {fileID: 0}
    - target: {fileID: 4639806318542252, guid: 58a0ae335a39245fbb0021a9e9e7eae2, type: 2}
      propertyPath: m_LocalRotation.y
      value: -0.7071068
      objectReference: {fileID: 0}
    - target: {fileID: 4639806318542252, guid: 58a0ae335a39245fbb0021a9e9e7eae2, type: 2}
      propertyPath: m_LocalRotation.z
      value: -0
      objectReference: {fileID: 0}
    - target: {fileID: 4639806318542252, guid: 58a0ae335a39245fbb0021a9e9e7eae2, type: 2}
      propertyPath: m_LocalRotation.w
      value: 0.7071068
      objectReference: {fileID: 0}
    - target: {fileID: 4639806318542252, guid: 58a0ae335a39245fbb0021a9e9e7eae2, type: 2}
      propertyPath: m_RootOrder
      value: 9
      objectReference: {fileID: 0}
    - target: {fileID: 4639806318542252, guid: 58a0ae335a39245fbb0021a9e9e7eae2, type: 2}
      propertyPath: m_LocalScale.x
      value: 1
      objectReference: {fileID: 0}
    - target: {fileID: 4639806318542252, guid: 58a0ae335a39245fbb0021a9e9e7eae2, type: 2}
      propertyPath: m_LocalScale.y
      value: 1
      objectReference: {fileID: 0}
    - target: {fileID: 4639806318542252, guid: 58a0ae335a39245fbb0021a9e9e7eae2, type: 2}
      propertyPath: m_LocalScale.z
      value: 1
      objectReference: {fileID: 0}
    - target: {fileID: 4639806318542252, guid: 58a0ae335a39245fbb0021a9e9e7eae2, type: 2}
      propertyPath: m_LocalEulerAnglesHint.x
      value: 0
      objectReference: {fileID: 0}
    - target: {fileID: 4639806318542252, guid: 58a0ae335a39245fbb0021a9e9e7eae2, type: 2}
      propertyPath: m_LocalEulerAnglesHint.y
      value: 90
      objectReference: {fileID: 0}
    - target: {fileID: 1514872170591370, guid: 58a0ae335a39245fbb0021a9e9e7eae2, type: 2}
      propertyPath: m_Name
      value: Forrest2
      objectReference: {fileID: 0}
    m_RemovedComponents: []
  m_SourcePrefab: {fileID: 100100000, guid: 58a0ae335a39245fbb0021a9e9e7eae2, type: 2}
  m_IsPrefabAsset: 0
--- !u!1001 &1712283061
Prefab:
  m_ObjectHideFlags: 0
  serializedVersion: 2
  m_Modification:
    m_TransformParent: {fileID: 558801221}
    m_Modifications:
    - target: {fileID: 4000013207057914, guid: 5ba9317adf09ffa4e954285b691b5b9d, type: 2}
      propertyPath: m_LocalPosition.x
      value: -0.08000004
      objectReference: {fileID: 0}
    - target: {fileID: 4000013207057914, guid: 5ba9317adf09ffa4e954285b691b5b9d, type: 2}
      propertyPath: m_LocalPosition.y
      value: -0.6599998
      objectReference: {fileID: 0}
    - target: {fileID: 4000013207057914, guid: 5ba9317adf09ffa4e954285b691b5b9d, type: 2}
      propertyPath: m_LocalPosition.z
      value: 0.02699995
      objectReference: {fileID: 0}
    - target: {fileID: 4000013207057914, guid: 5ba9317adf09ffa4e954285b691b5b9d, type: 2}
      propertyPath: m_LocalRotation.x
      value: -0
      objectReference: {fileID: 0}
    - target: {fileID: 4000013207057914, guid: 5ba9317adf09ffa4e954285b691b5b9d, type: 2}
      propertyPath: m_LocalRotation.y
      value: -0
      objectReference: {fileID: 0}
    - target: {fileID: 4000013207057914, guid: 5ba9317adf09ffa4e954285b691b5b9d, type: 2}
      propertyPath: m_LocalRotation.z
      value: -0
      objectReference: {fileID: 0}
    - target: {fileID: 4000013207057914, guid: 5ba9317adf09ffa4e954285b691b5b9d, type: 2}
      propertyPath: m_LocalRotation.w
      value: 1
      objectReference: {fileID: 0}
    - target: {fileID: 4000013207057914, guid: 5ba9317adf09ffa4e954285b691b5b9d, type: 2}
      propertyPath: m_RootOrder
      value: 1
      objectReference: {fileID: 0}
    - target: {fileID: 4000013207057914, guid: 5ba9317adf09ffa4e954285b691b5b9d, type: 2}
      propertyPath: m_LocalScale.x
      value: 0.2
      objectReference: {fileID: 0}
    - target: {fileID: 4000013207057914, guid: 5ba9317adf09ffa4e954285b691b5b9d, type: 2}
      propertyPath: m_LocalScale.y
      value: 0.19999994
      objectReference: {fileID: 0}
    - target: {fileID: 4000013207057914, guid: 5ba9317adf09ffa4e954285b691b5b9d, type: 2}
      propertyPath: m_LocalScale.z
      value: 0.19999994
      objectReference: {fileID: 0}
    m_RemovedComponents: []
  m_SourcePrefab: {fileID: 100100000, guid: 5ba9317adf09ffa4e954285b691b5b9d, type: 2}
  m_IsPrefabAsset: 0
--- !u!1001 &1722917796
Prefab:
  m_ObjectHideFlags: 0
  serializedVersion: 2
  m_Modification:
    m_TransformParent: {fileID: 558801221}
    m_Modifications:
    - target: {fileID: 4000013207057914, guid: 5ba9317adf09ffa4e954285b691b5b9d, type: 2}
      propertyPath: m_LocalPosition.x
      value: -0.779
      objectReference: {fileID: 0}
    - target: {fileID: 4000013207057914, guid: 5ba9317adf09ffa4e954285b691b5b9d, type: 2}
      propertyPath: m_LocalPosition.y
      value: -1.2949998
      objectReference: {fileID: 0}
    - target: {fileID: 4000013207057914, guid: 5ba9317adf09ffa4e954285b691b5b9d, type: 2}
      propertyPath: m_LocalPosition.z
      value: 0.026999831
      objectReference: {fileID: 0}
    - target: {fileID: 4000013207057914, guid: 5ba9317adf09ffa4e954285b691b5b9d, type: 2}
      propertyPath: m_LocalRotation.x
      value: -0
      objectReference: {fileID: 0}
    - target: {fileID: 4000013207057914, guid: 5ba9317adf09ffa4e954285b691b5b9d, type: 2}
      propertyPath: m_LocalRotation.y
      value: -0
      objectReference: {fileID: 0}
    - target: {fileID: 4000013207057914, guid: 5ba9317adf09ffa4e954285b691b5b9d, type: 2}
      propertyPath: m_LocalRotation.z
      value: -0
      objectReference: {fileID: 0}
    - target: {fileID: 4000013207057914, guid: 5ba9317adf09ffa4e954285b691b5b9d, type: 2}
      propertyPath: m_LocalRotation.w
      value: 1
      objectReference: {fileID: 0}
    - target: {fileID: 4000013207057914, guid: 5ba9317adf09ffa4e954285b691b5b9d, type: 2}
      propertyPath: m_RootOrder
      value: 4
      objectReference: {fileID: 0}
    - target: {fileID: 4000013207057914, guid: 5ba9317adf09ffa4e954285b691b5b9d, type: 2}
      propertyPath: m_LocalScale.x
      value: 0.2
      objectReference: {fileID: 0}
    - target: {fileID: 4000013207057914, guid: 5ba9317adf09ffa4e954285b691b5b9d, type: 2}
      propertyPath: m_LocalScale.y
      value: 0.19999994
      objectReference: {fileID: 0}
    - target: {fileID: 4000013207057914, guid: 5ba9317adf09ffa4e954285b691b5b9d, type: 2}
      propertyPath: m_LocalScale.z
      value: 0.19999994
      objectReference: {fileID: 0}
    - target: {fileID: 1000012300543250, guid: 5ba9317adf09ffa4e954285b691b5b9d, type: 2}
      propertyPath: m_Name
      value: barrel (1)
      objectReference: {fileID: 0}
    m_RemovedComponents: []
  m_SourcePrefab: {fileID: 100100000, guid: 5ba9317adf09ffa4e954285b691b5b9d, type: 2}
  m_IsPrefabAsset: 0
--- !u!4 &1770607645 stripped
Transform:
  m_CorrespondingSourceObject: {fileID: 4000010706693742, guid: 05262e1cb6621c84f8f31dd5b4799010,
    type: 2}
  m_PrefabInternal: {fileID: 280696479}
--- !u!4 &1918006944 stripped
Transform:
  m_CorrespondingSourceObject: {fileID: 4000010544313584, guid: 36e52bed9a7cf6a4d83fb7667bb2b1a8,
    type: 2}
  m_PrefabInternal: {fileID: 79267210}
--- !u!1001 &1978561269
Prefab:
  m_ObjectHideFlags: 0
  serializedVersion: 2
  m_Modification:
    m_TransformParent: {fileID: 0}
    m_Modifications:
    - target: {fileID: 4660621310658468, guid: efe266538a8dcda4dbd04fbff7997053, type: 2}
      propertyPath: m_LocalPosition.x
      value: -0.4
      objectReference: {fileID: 0}
    - target: {fileID: 4660621310658468, guid: efe266538a8dcda4dbd04fbff7997053, type: 2}
      propertyPath: m_LocalPosition.y
      value: -0.4
      objectReference: {fileID: 0}
    - target: {fileID: 4660621310658468, guid: efe266538a8dcda4dbd04fbff7997053, type: 2}
      propertyPath: m_LocalPosition.z
      value: -0.19
      objectReference: {fileID: 0}
    - target: {fileID: 4660621310658468, guid: efe266538a8dcda4dbd04fbff7997053, type: 2}
      propertyPath: m_LocalRotation.x
      value: 0
      objectReference: {fileID: 0}
    - target: {fileID: 4660621310658468, guid: efe266538a8dcda4dbd04fbff7997053, type: 2}
      propertyPath: m_LocalRotation.y
      value: 0.7071068
      objectReference: {fileID: 0}
    - target: {fileID: 4660621310658468, guid: efe266538a8dcda4dbd04fbff7997053, type: 2}
      propertyPath: m_LocalRotation.z
      value: 0
      objectReference: {fileID: 0}
    - target: {fileID: 4660621310658468, guid: efe266538a8dcda4dbd04fbff7997053, type: 2}
      propertyPath: m_LocalRotation.w
      value: 0.7071068
      objectReference: {fileID: 0}
    - target: {fileID: 4660621310658468, guid: efe266538a8dcda4dbd04fbff7997053, type: 2}
      propertyPath: m_RootOrder
      value: 14
      objectReference: {fileID: 0}
    - target: {fileID: 4660621310658468, guid: efe266538a8dcda4dbd04fbff7997053, type: 2}
      propertyPath: m_LocalEulerAnglesHint.y
      value: 90
      objectReference: {fileID: 0}
    - target: {fileID: 1862540227445348, guid: efe266538a8dcda4dbd04fbff7997053, type: 2}
      propertyPath: m_Icon
      value: 
      objectReference: {fileID: 0}
    - target: {fileID: 1939930605203838, guid: efe266538a8dcda4dbd04fbff7997053, type: 2}
      propertyPath: m_IsActive
      value: 0
      objectReference: {fileID: 0}
    - target: {fileID: 1389663680309098, guid: efe266538a8dcda4dbd04fbff7997053, type: 2}
      propertyPath: m_IsActive
      value: 0
      objectReference: {fileID: 0}
    - target: {fileID: 1862540227445348, guid: efe266538a8dcda4dbd04fbff7997053, type: 2}
      propertyPath: m_IsActive
      value: 1
      objectReference: {fileID: 0}
    m_RemovedComponents: []
  m_SourcePrefab: {fileID: 100100000, guid: efe266538a8dcda4dbd04fbff7997053, type: 2}
  m_IsPrefabAsset: 0
--- !u!1 &1980335922
GameObject:
  m_ObjectHideFlags: 0
  m_CorrespondingSourceObject: {fileID: 0}
  m_PrefabInternal: {fileID: 0}
  serializedVersion: 6
  m_Component:
  - component: {fileID: 1980335926}
  - component: {fileID: 1980335925}
  - component: {fileID: 1980335924}
  - component: {fileID: 1980335923}
  m_Layer: 5
  m_Name: TextCanvas
  m_TagString: Untagged
  m_Icon: {fileID: 0}
  m_NavMeshLayer: 0
  m_StaticEditorFlags: 0
  m_IsActive: 1
--- !u!114 &1980335923
MonoBehaviour:
  m_ObjectHideFlags: 0
  m_CorrespondingSourceObject: {fileID: 0}
  m_PrefabInternal: {fileID: 0}
  m_GameObject: {fileID: 1980335922}
  m_Enabled: 1
  m_EditorHideFlags: 0
  m_Script: {fileID: 1301386320, guid: f70555f144d8491a825f0804e09c671c, type: 3}
  m_Name: 
  m_EditorClassIdentifier: 
  m_IgnoreReversedGraphics: 1
  m_BlockingObjects: 0
  m_BlockingMask:
    serializedVersion: 2
    m_Bits: 4294967295
--- !u!114 &1980335924
MonoBehaviour:
  m_ObjectHideFlags: 0
  m_CorrespondingSourceObject: {fileID: 0}
  m_PrefabInternal: {fileID: 0}
  m_GameObject: {fileID: 1980335922}
  m_Enabled: 1
  m_EditorHideFlags: 0
  m_Script: {fileID: 1980459831, guid: f70555f144d8491a825f0804e09c671c, type: 3}
  m_Name: 
  m_EditorClassIdentifier: 
  m_UiScaleMode: 0
  m_ReferencePixelsPerUnit: 100
  m_ScaleFactor: 1
  m_ReferenceResolution: {x: 800, y: 600}
  m_ScreenMatchMode: 0
  m_MatchWidthOrHeight: 0
  m_PhysicalUnit: 3
  m_FallbackScreenDPI: 96
  m_DefaultSpriteDPI: 96
  m_DynamicPixelsPerUnit: 30
--- !u!223 &1980335925
Canvas:
  m_ObjectHideFlags: 0
  m_CorrespondingSourceObject: {fileID: 0}
  m_PrefabInternal: {fileID: 0}
  m_GameObject: {fileID: 1980335922}
  m_Enabled: 1
  serializedVersion: 3
  m_RenderMode: 2
  m_Camera: {fileID: 0}
  m_PlaneDistance: 100
  m_PixelPerfect: 0
  m_ReceivesEvents: 1
  m_OverrideSorting: 0
  m_OverridePixelPerfect: 0
  m_SortingBucketNormalizedSize: 0
  m_AdditionalShaderChannelsFlag: 0
  m_SortingLayerID: 0
  m_SortingOrder: 0
  m_TargetDisplay: 0
--- !u!224 &1980335926
RectTransform:
  m_ObjectHideFlags: 0
  m_CorrespondingSourceObject: {fileID: 0}
  m_PrefabInternal: {fileID: 0}
  m_GameObject: {fileID: 1980335922}
  m_LocalRotation: {x: 0, y: 0.7071068, z: 0, w: 0.7071068}
  m_LocalPosition: {x: 0, y: 0, z: -0.060000062}
  m_LocalScale: {x: 0.0075, y: 0.0075, z: 0.0075}
  m_Children:
  - {fileID: 1496295874}
  m_Father: {fileID: 0}
  m_RootOrder: 4
  m_LocalEulerAnglesHint: {x: 0, y: 90, z: 0}
  m_AnchorMin: {x: 0, y: 0}
  m_AnchorMax: {x: 0, y: 0}
  m_AnchoredPosition: {x: 1.997, y: 1.12}
  m_SizeDelta: {x: 517, y: 291}
  m_Pivot: {x: 0.5, y: 0.5}
--- !u!1 &2039647719
GameObject:
  m_ObjectHideFlags: 0
  m_CorrespondingSourceObject: {fileID: 0}
  m_PrefabInternal: {fileID: 0}
  serializedVersion: 6
  m_Component:
  - component: {fileID: 2039647720}
  m_Layer: 0
  m_Name: '--------- Deco ---------'
  m_TagString: Untagged
  m_Icon: {fileID: 0}
  m_NavMeshLayer: 0
  m_StaticEditorFlags: 0
  m_IsActive: 1
--- !u!4 &2039647720
Transform:
  m_ObjectHideFlags: 0
  m_CorrespondingSourceObject: {fileID: 0}
  m_PrefabInternal: {fileID: 0}
  m_GameObject: {fileID: 2039647719}
  m_LocalRotation: {x: 0, y: 0, z: 0, w: 1}
  m_LocalPosition: {x: 0, y: 0, z: 0}
  m_LocalScale: {x: 1, y: 1, z: 1}
  m_Children: []
  m_Father: {fileID: 0}
  m_RootOrder: 8
  m_LocalEulerAnglesHint: {x: 0, y: 0, z: 0}
--- !u!1 &2055085771
GameObject:
  m_ObjectHideFlags: 0
  m_CorrespondingSourceObject: {fileID: 0}
  m_PrefabInternal: {fileID: 0}
  serializedVersion: 6
  m_Component:
  - component: {fileID: 2055085774}
  - component: {fileID: 2055085773}
  - component: {fileID: 2055085772}
  m_Layer: 0
  m_Name: ScoreText
  m_TagString: Untagged
  m_Icon: {fileID: 0}
  m_NavMeshLayer: 0
  m_StaticEditorFlags: 0
  m_IsActive: 1
--- !u!102 &2055085772
TextMesh:
  serializedVersion: 3
  m_ObjectHideFlags: 0
  m_CorrespondingSourceObject: {fileID: 0}
  m_PrefabInternal: {fileID: 0}
  m_GameObject: {fileID: 2055085771}
  m_Text: 'Score : 0 %'
  m_OffsetZ: 0
  m_CharacterSize: 0.02
  m_LineSpacing: 1
  m_Anchor: 4
  m_Alignment: 1
  m_TabSize: 4
  m_FontSize: 300
  m_FontStyle: 0
  m_RichText: 1
  m_Font: {fileID: 0}
  m_Color:
    serializedVersion: 2
    rgba: 4294967295
--- !u!23 &2055085773
MeshRenderer:
  m_ObjectHideFlags: 0
  m_CorrespondingSourceObject: {fileID: 0}
  m_PrefabInternal: {fileID: 0}
  m_GameObject: {fileID: 2055085771}
  m_Enabled: 1
  m_CastShadows: 1
  m_ReceiveShadows: 1
  m_DynamicOccludee: 1
  m_MotionVectors: 1
  m_LightProbeUsage: 1
  m_ReflectionProbeUsage: 1
  m_RenderingLayerMask: 4294967295
  m_Materials:
  - {fileID: 10100, guid: 0000000000000000e000000000000000, type: 0}
  m_StaticBatchInfo:
    firstSubMesh: 0
    subMeshCount: 0
  m_StaticBatchRoot: {fileID: 0}
  m_ProbeAnchor: {fileID: 0}
  m_LightProbeVolumeOverride: {fileID: 0}
  m_ScaleInLightmap: 1
  m_PreserveUVs: 0
  m_IgnoreNormalsForChartDetection: 0
  m_ImportantGI: 0
  m_StitchLightmapSeams: 0
  m_SelectedEditorRenderState: 3
  m_MinimumChartSize: 4
  m_AutoUVMaxDistance: 0.5
  m_AutoUVMaxAngle: 89
  m_LightmapParameters: {fileID: 0}
  m_SortingLayerID: 0
  m_SortingLayer: 0
  m_SortingOrder: 0
--- !u!4 &2055085774
Transform:
  m_ObjectHideFlags: 0
  m_CorrespondingSourceObject: {fileID: 0}
  m_PrefabInternal: {fileID: 0}
  m_GameObject: {fileID: 2055085771}
  m_LocalRotation: {x: -0, y: 0.7071068, z: -0, w: 0.7071068}
  m_LocalPosition: {x: 2.07, y: 0.59, z: -2.846}
  m_LocalScale: {x: 0.5, y: 0.5, z: 0.5}
  m_Children: []
  m_Father: {fileID: 0}
  m_RootOrder: 7
  m_LocalEulerAnglesHint: {x: 0, y: 90, z: 0}
--- !u!4 &2056485525 stripped
Transform:
  m_CorrespondingSourceObject: {fileID: 4000010544313584, guid: 36e52bed9a7cf6a4d83fb7667bb2b1a8,
    type: 2}
  m_PrefabInternal: {fileID: 1331658434}
--- !u!1 &2136318080
GameObject:
  m_ObjectHideFlags: 0
  m_CorrespondingSourceObject: {fileID: 0}
  m_PrefabInternal: {fileID: 0}
  serializedVersion: 6
  m_Component:
  - component: {fileID: 2136318082}
  - component: {fileID: 2136318081}
  - component: {fileID: 2136318083}
  - component: {fileID: 2136318084}
  m_Layer: 0
  m_Name: RopeGameController
  m_TagString: Untagged
  m_Icon: {fileID: 0}
  m_NavMeshLayer: 0
  m_StaticEditorFlags: 0
  m_IsActive: 1
--- !u!114 &2136318081
MonoBehaviour:
  m_ObjectHideFlags: 0
  m_CorrespondingSourceObject: {fileID: 0}
  m_PrefabInternal: {fileID: 0}
  m_GameObject: {fileID: 2136318080}
  m_Enabled: 1
  m_EditorHideFlags: 0
  m_Script: {fileID: 11500000, guid: bea4694fbe707964182e1c8ff0bea7ca, type: 3}
  m_Name: 
  m_EditorClassIdentifier: 
  _dataGameRope: {fileID: 11400000, guid: 19a0456baa63d5d419c2bac9243e3264, type: 2}
  _numberOfTurns: 3
  _numberOfElements: 4
  _textCanvas: {fileID: 1980335925}
  _instructionsText: {fileID: 399140924}
  _scoreDisplay: {fileID: 2055085771}
  _nextLevel: {fileID: 2136318084}
--- !u!4 &2136318082
Transform:
  m_ObjectHideFlags: 0
  m_CorrespondingSourceObject: {fileID: 0}
  m_PrefabInternal: {fileID: 0}
  m_GameObject: {fileID: 2136318080}
  m_LocalRotation: {x: -0, y: -0, z: -0, w: 1}
  m_LocalPosition: {x: 0, y: 0, z: 0}
  m_LocalScale: {x: 1, y: 1, z: 1}
  m_Children: []
  m_Father: {fileID: 0}
  m_RootOrder: 3
  m_LocalEulerAnglesHint: {x: 0, y: 0, z: 0}
--- !u!82 &2136318083
AudioSource:
  m_ObjectHideFlags: 0
  m_CorrespondingSourceObject: {fileID: 0}
  m_PrefabInternal: {fileID: 0}
  m_GameObject: {fileID: 2136318080}
  m_Enabled: 1
  serializedVersion: 4
  OutputAudioMixerGroup: {fileID: 0}
  m_audioClip: {fileID: 8300000, guid: 7fd69cfacf2af12428e0a8afc77bd31d, type: 3}
  m_PlayOnAwake: 1
  m_Volume: 1
  m_Pitch: 1
  Loop: 1
  Mute: 0
  Spatialize: 0
  SpatializePostEffects: 0
  Priority: 128
  DopplerLevel: 1
  MinDistance: 1
  MaxDistance: 500
  Pan2D: 0
  rolloffMode: 0
  BypassEffects: 0
  BypassListenerEffects: 0
  BypassReverbZones: 0
  rolloffCustomCurve:
    serializedVersion: 2
    m_Curve:
    - serializedVersion: 3
      time: 0
      value: 1
      inSlope: 0
      outSlope: 0
      tangentMode: 0
      weightedMode: 0
      inWeight: 0.33333334
      outWeight: 0.33333334
    - serializedVersion: 3
      time: 1
      value: 0
      inSlope: 0
      outSlope: 0
      tangentMode: 0
      weightedMode: 0
      inWeight: 0.33333334
      outWeight: 0.33333334
    m_PreInfinity: 2
    m_PostInfinity: 2
    m_RotationOrder: 4
  panLevelCustomCurve:
    serializedVersion: 2
    m_Curve:
    - serializedVersion: 3
      time: 0
      value: 0
      inSlope: 0
      outSlope: 0
      tangentMode: 0
      weightedMode: 0
      inWeight: 0.33333334
      outWeight: 0.33333334
    m_PreInfinity: 2
    m_PostInfinity: 2
    m_RotationOrder: 4
  spreadCustomCurve:
    serializedVersion: 2
    m_Curve:
    - serializedVersion: 3
      time: 0
      value: 0
      inSlope: 0
      outSlope: 0
      tangentMode: 0
      weightedMode: 0
      inWeight: 0.33333334
      outWeight: 0.33333334
    m_PreInfinity: 2
    m_PostInfinity: 2
    m_RotationOrder: 4
  reverbZoneMixCustomCurve:
    serializedVersion: 2
    m_Curve:
    - serializedVersion: 3
      time: 0
      value: 1
      inSlope: 0
      outSlope: 0
      tangentMode: 0
      weightedMode: 0
      inWeight: 0.33333334
      outWeight: 0.33333334
    m_PreInfinity: 2
    m_PostInfinity: 2
    m_RotationOrder: 4
--- !u!82 &2136318084
AudioSource:
  m_ObjectHideFlags: 0
  m_CorrespondingSourceObject: {fileID: 0}
  m_PrefabInternal: {fileID: 0}
  m_GameObject: {fileID: 2136318080}
  m_Enabled: 1
  serializedVersion: 4
  OutputAudioMixerGroup: {fileID: 0}
  m_audioClip: {fileID: 8300000, guid: b5814e9ac9d7a774e9cbe6af7d7d65e0, type: 3}
  m_PlayOnAwake: 0
  m_Volume: 1
  m_Pitch: 1
  Loop: 0
  Mute: 0
  Spatialize: 0
  SpatializePostEffects: 0
  Priority: 128
  DopplerLevel: 1
  MinDistance: 1
  MaxDistance: 500
  Pan2D: 0
  rolloffMode: 0
  BypassEffects: 0
  BypassListenerEffects: 0
  BypassReverbZones: 0
  rolloffCustomCurve:
    serializedVersion: 2
    m_Curve:
    - serializedVersion: 3
      time: 0
      value: 1
      inSlope: 0
      outSlope: 0
      tangentMode: 0
      weightedMode: 0
      inWeight: 0.33333334
      outWeight: 0.33333334
    - serializedVersion: 3
      time: 1
      value: 0
      inSlope: 0
      outSlope: 0
      tangentMode: 0
      weightedMode: 0
      inWeight: 0.33333334
      outWeight: 0.33333334
    m_PreInfinity: 2
    m_PostInfinity: 2
    m_RotationOrder: 4
  panLevelCustomCurve:
    serializedVersion: 2
    m_Curve:
    - serializedVersion: 3
      time: 0
      value: 0
      inSlope: 0
      outSlope: 0
      tangentMode: 0
      weightedMode: 0
      inWeight: 0.33333334
      outWeight: 0.33333334
    m_PreInfinity: 2
    m_PostInfinity: 2
    m_RotationOrder: 4
  spreadCustomCurve:
    serializedVersion: 2
    m_Curve:
    - serializedVersion: 3
      time: 0
      value: 0
      inSlope: 0
      outSlope: 0
      tangentMode: 0
      weightedMode: 0
      inWeight: 0.33333334
      outWeight: 0.33333334
    m_PreInfinity: 2
    m_PostInfinity: 2
    m_RotationOrder: 4
  reverbZoneMixCustomCurve:
    serializedVersion: 2
    m_Curve:
    - serializedVersion: 3
      time: 0
      value: 1
      inSlope: 0
      outSlope: 0
      tangentMode: 0
      weightedMode: 0
      inWeight: 0.33333334
      outWeight: 0.33333334
    m_PreInfinity: 2
    m_PostInfinity: 2
    m_RotationOrder: 4
